4142 5659
740 627 743 633 ’
849 668 1129 726 enonnoounun.
1469 692 1569 738 χω

727 837 947 906 Capitolinus
970 837 1003 890 in
1020 838 1132 897 Marco
1152 838 1219 908 Cap.
1239 845 1263 896 2.

507 923 697 987 Oratoribus
720 945 796 986 usus
819 926 868 986 est
884 923 1042 1007 (Marcus)
1058 923 1190 987 Graecis
1213 925 1336 987 Aninio
1358 925 1484 1008 Marco,
1511 927 1568 992 Ca-

416 1009 510 1072 ninio
527 1007 636 1072 Celere
659 1011 692 1072 et
706 1007 833 1071 Herode
849 1007 975 1089 Attico3
997 1007 1116 1071 Latino
1131 1008 1294 1072 Frontone
1317 1009 1475 1074 Cornelio.
1507 1011 1570 1076 sed
1605 1042 1610 1051 .

417 1093 557 1157 multum
574 1114 613 1155 ex
629 1092 679 1156 his
699 1091 856 1155 Frontoni
874 1091 1000 1173 detulit,
1020 1093 1072 1155 cui
1082 1095 1115 1156 et
1132 1095 1272 1156 statuam
1287 1093 1322 1157 in
1334 1098 1449 1158 senatu
1463 1096 1568 1179 petiit.

810 1209 901 1262 Idem
917 1209 951 1260 in
968 1208 1056 1262 Vero
1075 1207 1141 1278 Cap.
1161 1217 1186 1267 2.

504 1295 640 1359 Audiuit
668 1294 800 1380 (Verus)
828 1293 972 1356 rhetores
1003 1293 1144 1358 Graecos
1167 1295 1390 1379 Apollonium,
1426 1297 1569 1362 Celerem

419 1380 604 1462 Caninium,
627 1378 789 1443 Herodem
804 1378 961 1459 Atticum,
986 1377 1138 1441 Latinum
1154 1379 1338 1444 Cornelium
1359 1380 1568 1446 Frontonem.
1683 1440 1687 1446 .

419 1465 489 1528 Hos
511 1485 623 1528 omnes
647 1463 767 1527 amavit
795 1463 889 1526 unice
917 1465 1013 1545 atque
1044 1463 1084 1526 ab
1112 1462 1163 1527 his
1190 1465 1329 1560 invicem
1351 1465 1485 1530 dilectus
1509 1472 1567 1531 est.

777 1579 945 1633 Minucius
963 1579 1060 1633 Felix
1078 1579 1146 1649 Cap.
1165 1581 1213 1636 IX.

506 1667 550 1731 nt
572 1668 610 1730 de
634 1666 780 1729 convivio
801 1668 914 1728 notum
938 1667 1001 1747 est,
1026 1667 1147 1748 passim
1170 1688 1286 1730 omnes
1303 1667 1489 1752 loquuntur.
1531 1669 1569 1732 Id

421 1753 520 1815 etiam
542 1751 698 1817 Cirtensis
721 1750 824 1813 nostri
852 1752 991 1812 testatur
1013 1751 1126 1814 oratio.
1157 1781 1163 1789 ·

845 1866 937 1920 Idem
961 1865 1027 1934 Cap.
1045 1866 1144 1924 xxm.
1210 1859 1218 1871 '

507 1953 560 2018 Sic
583 1954 621 2016 de
643 1953 706 2016 isto
730 1951 904 2035 (convivio)
934 1954 966 2014 et
987 1954 1063 2014 tuus
1085 1950 1206 2015 Fronto
1234 1974 1300 2016 non
1327 1958 1363 2017 ut
1391 1956 1569 2020 affirmator

420 2038 642 2103 testimonium
662 2036 751 2118 fecit,
776 2037 832 2099 sed
855 2036 1034 2099 convicium
1057 2039 1094 2099 ut
1116 2039 1223 2100 orator
1246 2039 1392 2120 aspersit.

514 2215 516 2218 ,
581 2170 765 2224 Eumenius
784 2169 817 2222 in
834 2169 1052 2237 Panegyrico
1068 2169 1266 2240 Constantii
1284 2170 1351 2240 Cap.
1373 2178 1412 2225 14.
1507 2182 1510 2188 '

505 2274 626 2337 Fronto
649 2273 815 2336 Romanae
839 2271 1131 2354 eloquentiae'non
1154 2274 1329 2336 secundum
1351 2276 1406 2338 sed
1430 2275 1566 2339 alterum

421 2359 527 2440 decus,
553 2380 625 2422 curn
646 2357 724 2420 belli
745 2357 780 2420 in
796 2354 969 2418 Britannia
985 2355 1125 2419 confecti
1147 2357 1274 2420 laudem
1289 2359 1458 2423 Antonino
1480 2361 1568 2445 prin·
1623 2354 1627 2362 ’

421 2443 485 2526 cipi
508 2443 609 2524 daret,
634 2441 778 2525 quamvis
794 2440 848 2502 ille
870 2439 906 2502 in
921 2440 991 2523 ipso
1007 2439 1105 2503 Urbis
1120 2440 1246 2505 Palatio
1269 2443 1412 2506 residens
1435 2446 1569 2528 gerendi

421 2527 488 2590 eius
510 2527 696 2590 mandasset
718 2525 912 2608 auspicium,
945 2524 1045 2588 veluti
1073 2525 1190 2609 longae
1218 2527 1310 2605 navis
1331 2528 1570 2624 ⁴gubernaculis

358 2632 388 2732 p
413 2612 658 2759 praesidentetm
686 2611 785 2685 totius
808 2609 1032 2672 velificationis
1061 2613 1094 2672 et
1122 2632 1233 2673 cursus
1256 2611 1393 2695 gloriam
1414 2615 1569 2677 meruisse

364 2698 366 2701 ’
402 2696 404 2705 ‘
436 2700 558 2760 estatus
581 2717 638 2759 es.
680 2710 682 2715 ’

550 2813 721 2865 Ausonius
739 2811 773 2863 in
792 2810 989 2865 Gratiarum
1006 2811 1153 2866 Aetione
1177 2811 1267 2865 circa
1284 2813 1437 2867 medium.

472 2955 475 2965 ·
504 2913 611 2979 Unica
639 2913 719 2976 mihi
749 2913 972 2996 amplectenda
1000 2917 1050 2977 est
1077 2913 1251 2978 Frontonis
1283 2916 1436 2980 imitatio:
1473 2940 1568 3001 quem

419 3004 528 3063 tamen
551 2998 694 3083 Augusti
715 2999 908 3082 magistrum
930 2998 976 3062 sic
1000 2999 1184 3062 consulatus
1205 2999 1348 3082 ornavit,
1381 3005 1417 3064 ut
1444 3004 1568 3084 praefe—
1665 3034 1670 3047 ·

422 3088 514 3148 ctura
535 3105 602 3147 non
626 3083 781 3166 cingeret.
814 3081 876 3146 Sed
900 3081 1085 3146 consulatus
1107 3083 1162 3147 ille
1185 3084 1385 3147 cuiusmodi?
1407 3087 1568 3150 ordinario

420 3169 587 3249 sullectus,
617 3167 763 3230 bimestri
792 3167 897 3249 spatio
924 3167 1151 3249 interpositus,
1182 3167 1217 3230 in
1251 3172 1342 3230 sexta
1370 3170 1449 3232 anni
1476 3175 1568 3251 parte

317 3270 329 3327 J
421 3258 643 3334 consumptus:
674 3251 891 3335 quaerendum
920 3253 958 3313 ut
978 3251 1145 3334 reliquerit
1167 3255 1279 3314 tantus
1301 3256 1423 3333 orator,
1454 3255 1568 3336 quibus

420 3337 605 3401 consulibus
628 3337 766 3420 gesserit
789 3335 1000 3399 consulatum.
1046 3335 1131 3400 Ecce
1161 3336 1247 3398 aliud
1269 3337 1353 3419 quod
1376 3337 1492 3420 aliquis
1514 3360 1568 3422 op-

419 3425 529 3505 ponat.
567 3420 607 3483 ln
629 3421 715 3483 tanti
737 3423 769 3483 te
793 3441 869 3503 ergo
893 3420 1028 3483 oratoris
1051 3421 1220 3506 fastigium
1242 3420 1399 3508 gloriosus
1423 3422 1568 3486 attollis?

394 3565 400 3568 ,
421 3506 471 3569 6111
493 3506 572 3568 talia
588 3504 766 3588 requirenti
781 3505 1159 3587 respondebo,breviter:
1183 3527 1250 3569 non
1266 3527 1325 3590 ego
1341 3528 1392 3569 me
1409 3508 1568 3570 contendo

419 3589 585 3672 Frontoni,
610 3589 666 3652 sed
689 3588 858 3652 Antonino
880 3589 1026 3672 praefero
1051 3589 1254 3655 Gratianum.

750 3721 946 3775 Macrobius
965 3722 1140 3781 saturnal.
1157 3724 1191 3790 V,
1210 3731 1233 3776 1.

461 3843 465 3849 -
504 3807 647 3882 Quatuor
675 3810 752 3870 sunt
779 3829 900 3890 genera
927 3807 1070 3872 dicendi:
1109 3809 1287 3892 copiosum,
1311 3809 1431 3893 inquo
1455 3810 1565 3879 Cicero

420 3893 618 3955 dominatur:
646 3892 758 3973 breve,
782 3891 818 3954 in
846 3913 909 3975 quo
938 3891 1109 3957 Sallustius
1135 3896 1270 3977 regnat:
1315 3894 1452 3976 siccum,
1483 3897 1567 3978 quod

418 3975 574 4039 Frontoni
598 3976 804 4040 adscribitur:
838 3976 960 4060 pingue
984 3980 1017 4040 et
1039 3977 1203 4059 floridum,
1228 3977 1263 4039 in
1286 3999 1348 4060 quo
1364 3977 1489 4042 Plinius
1513 3979 1567 4043 Se-

421 4061 542 4124 cundus
565 4060 744 4142 quondam,
775 4063 807 4122 et
829 4083 917 4124 nunc
939 4061 1028 4143 nullo
1051 4065 1195 4125 veterum
1217 4061 1322 4124 minor
1343 4066 1454 4125 noster
1477 4062 1566 4145 Sym-

418 4143 551 4207 machus
573 4144 764 4207 luxuriatur.

335 4252 340 4266 *
419 4259 627 4314 Claudianus
653 4261 834 4315 Mamertus
859 4262 956 4330 epist.
979 4263 1020 4316 ad
1044 4230 1238 4331 sapaudum
1260 4264 1434 4317 rhetorem
1452 4263 1563 4318 Balur.

706 4327 848 4383 miscell.
869 4329 916 4383 ed.
940 4330 1045 4384 Paris.
1064 4335 1084 4384 t.
1104 4330 1151 4383 Vl.
1170 4349 1198 4399 p.
1217 4338 1275 4385 535.

501 4430 643 4494 Naevius
666 4434 699 4494 et
721 4430 854 4494 Plautus
876 4432 936 4495 tibi
960 4433 1000 4494 ad
1023 4432 1234 4516 elegantiam,
1260 4432 1340 4495 Cato
1363 4432 1403 4494 ad
1425 4433 1564 4515 gravita-

417 4517 493 4596 tem,
517 4514 621 4578 Varro
637 4515 677 4577 ad
692 4515 852 4598 peritiam,
878 4515 1043 4580 Gracchus
1067 4517 1106 4579 ad
1123 4517 1341 4599 acrimoniam,
1366 4515 1564 4600 Chrysippus

418 4599 458 4660 ad
480 4599 701 4682 disciplinam,
731 4598 852 4662 Fronto
882 4601 922 4663 ad
949 4622 1116 4684 pompam,
1147 4599 1258 4665 Cicero
1287 4601 1326 4663 ad
1349 4600 1564 4684 eloquentiam

419 4684 648 4766 capessendam
669 4685 741 4747 usui
764 4684 839 4747 sint.
