4142 5659
506 680 618 726 XXXIV
940 659 1221 714 PROLEGOMENA.

507 831 673 915 disposuit.
719 831 834 894 Eidem
848 829 1047 913 Echsteini0‚
1071 829 1235 913 philologo
1258 829 1468 912 nobilissimo,
1492 834 1593 894 restat
1615 836 1655 894 ut

506 933 588 995 bene
610 933 747 996 merenti
769 931 883 994 lubens
906 931 1028 1015 gratias
1052 951 1157 1013 agam.
1202 928 1263 1004 Qui
1286 953 1384 1014 quum
1405 930 1489 995 forte
1512 933 1656 995 audisset

506 1055 557 1096 me
579 1033 776 1096 Frontonem
799 1033 959 1095 editurum
982 1026 1066 1114 esse,
1091 1035 1127 1094 ut
1149 1031 1306 1094 Frontoni
1327 1032 1493 1114 prodesset
1515 1036 1547 1096 et
1568 1033 1655 1096 viros

507 1135 616 1197 doctos
639 1133 815 1217 obligaret,
839 1155 916 1197 narn
938 1155 989 1196 me
1012 1133 1140 1216 quidem
1162 1154 1228 1196 non
1251 1135 1400 1215 noverat,
1424 1134 1510 1197 ultro
1532 1134 1656 1217 recepit

506 1235 673 1318 negotium
689 1234 889 1318 singulorum
904 1235 1054 1298 foliorum
1069 1234 1246 1317 specimina
1258 1233 1497 1298 accuratissime
1511 1235 1652 1319 legendi.

506 1334 670 1410 Quantum
692 1335 874 1399 ornamenti
890 1336 1024 1398 editioni
1045 1356 1135 1398 meae
1158 1357 1197 1398 ex
1219 1334 1443 1398 humanissimi
1457 1336 1518 1399 viri
1539 1336 1655 1400 libera-

415 1434 439 1467 ⁵
505 1436 598 1500 litate
621 1437 809 1518 accesserit,
833 1457 893 1520 ego
916 1437 993 1518 scic,
1018 1437 1073 1499 sed
1095 1436 1231 1499 lectores
1252 1439 1364 1499 tamen
1387 1437 1544 1520 suspicari
1565 1434 1656 1520 pote-

506 1541 592 1601 runt.
624 1537 726 1621 Saepe
752 1558 803 1600 me
831 1538 963 1601 comiter
987 1538 1155 1600 admonuit
1176 1537 1214 1599 de
1237 1529 1417 1600 errore'vel
1436 1538 1655 1622 negligentia3
1730 1524 1733 1527 ¹

507 1659 602 1721 saepe
623 1638 781 1702 indicavit
803 1639 942 1702 virorum
971 1638 1137 1701 doctorum
1160 1638 1416 1720 emendationeS,
1447 1660 1529 1721 quae
1559 1639 1654 1702 amici

506 1739 570 1802 mei
592 1739 796 1822 diligentiam
825 1742 857 1802 et
878 1739 983 1802 meam
1005 1739 1201 1823 effugerant3
1230 1738 1349 1802 multas
1378 1758 1502 1822 quoque
1530 1761 1655 1803 mecum

508 1841 755 1904 communicavit
784 1841 1022 1904 emendationes
1057 1844 1089 1904 et
1117 1841 1264 1904 doctrina
1291 1842 1324 1902 et
1351 1840 1477 1924 ingenii
1507 1840 1657 1904 acumine

507 1941 663 2025 insignes.
696 1941 787 2005 Sicut
802 1962 862 2025 ego
878 1941 1034 2004 maximas
1049 1939 1237 2005 Eclrsteinio
1253 1962 1315 2024 ago
1330 1941 1496 2024 habeoque
1519 1942 1661 2024 gratias·

506 2042 602 2105 velim
624 2044 760 2106 lectores
783 2063 907 2126 quoque
930 2043 1081 2106 habeant.

592 2143 719 2207 indices
741 2164 819 2227 quos
843 2143 965 2226 addidi,
990 2142 1069 2206 Maii
1092 2147 1178 2207 sunt.
1224 2143 1397 2208 Praeterea
1418 2145 1454 2207 in
1476 2145 1540 2206 fine
1562 2143 1654 2206 tabu-

506 2243 571 2306 lam
593 2230 738 2308 invenies
752 2245 788 2307 in
803 2267 867 2327 qua
882 2244 1082 2327 superiorum
1100 2245 1276 2307 editionum
1298 2244 1439 2328 paginae
1456 2266 1528 2308 cum
1543 2247 1656 2307 nostra

508 2349 753 2428 componuntur.
789 2361 794 2409 l

978 2467 1183 2476 ——-—

765 2577 1105 2646 TESTIMONIA
1141 2580 1400 2646 VETERUM

914 2698 973 2761 DE
996 2698 1245 2763 FRONTONE.

778 2833 814 2885 M.
834 2832 994 2886 Aurelius
1018 2833 1056 2886 de
1074 2833 1188 2886 Rebus
1207 2832 1282 2886 Suis
1300 2834 1321 2899 I,
1341 2839 1381 2886 11.

591 2935 687 3013 Παρὰ
709 2935 920 3017 Φρόντωνοε,
944 2937 982 3000 τό
1006 2937 1165 3014 ἐπιετῆεαι
1188 2935 1242 2999 οἵα
1264 2936 1282 3014 ἡ
1305 2938 1478 3013 τυραννικὴ
1504 2935 1655 3015 βαεκανία

508 3019 562 3082 καὶ
578 3017 739 3097 ὑπόκριειτ
761 3022 811 3083 καὶ
835 3019 883 3083 ότι
907 3020 952 3084 ὼε
976 3021 1094 3085 ἐπίπαν
1118 3021 1149 3083 οἱ
1164 3020 1357 3098 καλούμενοι
1380 3019 1470 3084 οὗτοι
1485 3021 1566 3098 παρ’
1582 3021 1654 3097 ἡμῖν

508 3103 711 3181 Εὐπατρίδαι,
735 3104 962 3183 ἀετοργότεροί
985 3126 1057 3170 πω(
1080 3105 1163 3170 εἰτιν.
1246 3131 1250 3139 ·

878 3238 941 3291 Dio
966 3237 1218 3303 Cassius'LXIX,
1239 3243 1279 3291 18.

593 3340 770 3418 Κορνήλιοε
798 3340 957 3418 Φρόντων
986 3341 1004 3404 δ
1032 3341 1072 3403 τὰ
1101 3345 1215 3418 πρῶτα
1236 3346 1302 3405 τῶν
1330 3341 1403 3404 τότε
1426 3340 1593 3418 Ῥωμαίων
1618 3341 1654 3405 ἐν

506 3423 605 3489 δίκαιε
634 3425 832 3505 φερόμενοε,
862 3425 997 3503 ἑεπέρατ
1026 3427 1108 3489 ποτὲ
1137 3425 1262 3505 βαθείαε
1290 3424 1355 3488 ἀπὸ
1383 3425 1516 3490 δείπνου
1545 3424 1654 3489 οἴκαδε

509 3509 651 3573 ἐπανιὼν
675 3509 727 3571 καὶ
749 3510 861 3586 μαθὼν
884 3505 1091 3591 παράτινοε,
1117 3511 1143 3592 ᾧ
1167 3510 1392 3587 ευνηγορήεειν
1416 3508 1584 3586 ὑπέεχητο,
1609 3515 1654 3572 δι-

506 3593 611 3658 κάζειν
635 3592 750 3674 αὐτόν,
780 3593 816 3658 ἕν
845 3614 879 3657 τε
902 3600 939 3677 τῇ
964 3598 1059 3676 ττολῇ
1083 3599 1120 3676 τῇ
1144 3593 1325 3675 δειπνίτιδι,
1357 3593 1464 3671 ὥεπερ
1487 3592 1589 3672 εἶχεν,
1619 3594 1654 3657 ἐε

506 3677 543 3740 τό
567 3678 764 3755 δικαττήριον
788 3677 888 3742 αὐτοῦ
912 3679 1024 3756 ἐπῆλθε
1042 3679 1093 3741 καὶ
1108 3678 1287 3758 ἠεπάεατο,
1313 3678 1382 3742 οὔτι
1397 3697 1433 3753 γε
1456 3684 1501 3762 τῷ
1526 3678 1653 3758 ἑωθινῷ

490 3762 717 3842 προερήματι,
741 3767 786 3844 τῷ
811 3765 916 3842 χαῖρε,
945 3763 1029 3826 ἀλλὰ
1051 3769 1097 3844 τῷ
1121 3762 1295 3843 ἑτπερινῷ,
1322 3768 1370 3846 «τῷ
1395 3761 1514 3837 ὑγίαινε
1537 3763 1654 3840 χρητά-

506 3866 610 3927 μενοε.

948 3929 1039 3982 Idem
1057 3928 1152 3994 LXXI,
1171 3935 1211 3982 35.

592 4032 777 4114 Πόμπολλα
807 4031 871 4096 ὑπό
900 4029 1045 4094 παιδεία(
1074 4031 1241 4112 ὠφελήθη,
1266 4030 1301 4096 ἔν
1324 4051 1358 4095 τε
1380 4034 1449 4095 τοίε
1472 4031 1654 4110 όητορικοίε

506 4117 541 4181 ἕν
563 4137 598 4180 τε
620 4120 687 4181 τοῑτ
710 4116 744 4179 ἐκ
767 4116 962 4195 φιλοεοφίαε
992 4114 1102 4191 λόγοι(
1131 4114 1286 4193 ἀεκηθείε·
1323 4137 1390 4180 των
1419 4136 1475 4193 μεν
1504 4137 1566 4192 γαρ
1593 4137 1652 4179 τον

505 4221 539 4264 τε
562 4201 744 4278 Φρόντωνα
772 4202 830 4265 τὸν
858 4201 1035 4278 Κορνήλιον
1065 4199 1201 4281 καὶτὸν
1230 4201 1375 4279 Ἡρώδην
1404 4201 1463 4263 τόν
1494 4200 1651 4264 Κλαύδιον

505 4286 713 4350 διδαεκάλουε
735 4285 815 4364 εἶχε
837 4288 902 4350 τῶν
926 4286 961 4348 δὲ
984 4285 1045 4348 κτὲ.

787 4401 1026 4455 Artemidorus
1046 4399 1084 4454 de
1103 4388 1249 4453 Somniis
1267 4400 1313 4465 IV,
1332 4407 1371 4453 24.

591 4505 643 4569 Ὡε
672 4504 722 4567 καὶ
750 4504 908 4581 Φρόντων
938 4503 1159 4581 δάρθριτικόε
1187 4503 1360 4581 θεραπείαν
1383 4502 1518 4580 αἰτήεαε,
1541 4502 1654 4567 ἔδοξεν

424 4650 427 4654 ,
505 4591 541 4656 ἐν
556 4593 623 4654 roi(
640 4589 840 4666 προαετείοιε
862 4591 1048 4665 περιπατεῖν
1070 4589 1120 4651 καὶ
1143 4589 1339 4667 πορπολήτει
1361 4587 1558 4666 χρητάμενοε
1574 4607 1653 4665 παρ-

505 4676 647 4753 ηγορήθη
671 4674 803 4736 ίκανώε·
828 4672 872 4736 ὼε
894 4671 964 4737 ἴτον
988 4671 1071 4736 εἶναι
1094 4674 1132 4736 τὸ
1155 4677 1259 4752 χρῆμα
1281 4673 1441 4753 θεραπείᾳ.
