4142 5659
512 672 625 719 xxxvi
948 651 1229 706 PROLEGOIOENA.

904 820 1065 874 Sidonius
1083 821 1189 889 Epist.
1208 822 1229 886 Ι,
1249 828 1271 874 1.

598 924 646 988 De
670 924 714 988 M.
738 922 843 986 Tullio
871 922 965 985 silere
993 944 1045 986 me
1072 923 1107 985 in
1135 921 1209 986 stilo
1237 924 1404 1006 epistulari
1426 926 1539 990 melius
1562 932 1658 1011 puto3

511 1032 606 1093 quem
628 1031 689 1073 nee
710 1008 811 1071 Iulius
831 1007 980 1069 Titianus
1002 1010 1107 1070 totum
1129 1007 1188 1069 sub
1211 1008 1394 1072 nominibus
1417 1009 1592 1074 illustrium
1612 1013 1658 1076 fe-

510 1094 671 1156 minarum
698 1093 798 1175 digna
831 1091 1041 1155 similitudine
1074 1092 1240 1174 expressit.
1285 1092 1422 1176 Propter
1450 1097 1534 1178 quod
1566 1096 1658 1160 illum

512 1178 608 1241 ceteri
643 1177 760 1260 quique
788 1175 1097 1258 Frontonianorum,
1136 1179 1246 1258 utpote
1276 1181 1523 1242 consectaneum
1552 1203 1658 1244 aemu-

510 1261 583 1343 lati,
615 1283 671 1324 cur
692 1263 896 1324 veternosum
918 1261 1045 1324 dicendi
1068 1282 1170 1344 genus
1200 1261 1398 1344 imitaretur,
1429 1267 1593 1328 oratorum
1617 1267 1657 1329 si-

509 1347 607 1409 miam
629 1348 909 1428 nuncupaverunt.
1121 1357 1123 1359 ’

984 1445 1077 1499 Idem
1094 1445 1140 1511 IV,
1160 1454 1183 1499 3.

593 1549 662 1612 Nec
684 1548 924 1611 Frontonianae
953 1547 1123 1632 gravitatis
1152 1551 1208 1610 aut
1229 1549 1380 1630 ponderis
1402 1550 1576 1632 Apuleiani
1598 1553 1657 1617 flu-

509 1657 584 1698 men
607 1634 821 1716 aequiparem.
1171 1698 1176 1707 .

917 1732 920 1738 '
960 1716 1052 1770 Idem
1069 1716 1143 1782 VIII,
1164 1723 1203 1771 10.

593 1819 638 1882 M.
654 1819 775 1881 Fronto
799 1840 870 1881 cum
892 1818 1022 1900 reliquis
1038 1819 1237 1882 orationibus
1260 1819 1426 1902 emineret,
1450 1821 1485 1884 in
1500 1820 1655 1906 Pelopem

508 1926 542 1967 se
565 1903 626 1966 sibi
648 1902 811 1986 praetulit.

919 1986 1105 2054 Eutropius
1123 1987 1198 2051 VIII,
1217 1993 1241 2038 6.

591 2089 724 2152 Latinas
740 2088 886 2152 Marcum
901 2087 1025 2151 litteras
1040 2087 1161 2171 Fronto
1176 2091 1284 2156 orator
1298 2089 1517 2154 nobilissimus
1533 2092 1652 2155 docuit.

638 2222 831 2276 Martianus
850 2222 989 2291 Capella
1007 2221 1064 2275 lib.
1083 2222 1117 2275 V.
1137 2221 1215 2275 edit.
1234 2223 1398 2290 Eyssenh.
1417 2242 1444 2292 p.
1466 2231 1522 2283 140,

590 2325 669 2389 Post
691 2325 749 2388 hos
772 2326 807 2388 in
830 2325 961 2388 diversis
986 2323 1169 2407 agminibus
1192 2326 1334 2388 oratores
1358 2327 1492 2408 emeriti,
1517 2350 1554 2390 ac
1576 2350 1654 2410 prae

505 2434 539 2474 se
561 2411 703 2474 ferentes
731 2409 911 2492 insignium
940 2407 1068 2471 culmen
1095 2408 1273 2491 meritaque
1295 2408 1496 2493 linguarum,
1521 2412 1654 2475 Aeschi-

506 2517 597 2576 nem,
621 2494 795 2557 Isocratem
819 2493 1010 2575 Lysiamque
1033 2494 1248 2575 conspiceres:
1272 2496 1342 2556 tum
1357 2495 1392 2557 in
1410 2496 1530 2579 togatis
1553 2498 1654 2580 agmi-

504 2580 600 2642 nibus
621 2578 811 2660 Sosantios,
829 2577 1001 2658 Gracchos,
1025 2577 1198 2660 Regulum,
1215 2576 1359 2641 Plinium
1381 2578 1652 2664 Frontonemque.

846 2711 872 2764 S.
892 2711 1116 2779 Hieronymus
1135 2711 1231 2780 epist.
1251 2711 1312 2764 XII.
1387 2702 1389 2706 ¹

591 2815 644 2876 Ad
666 2817 808 2876 mentem
831 2813 1050 2895 edomandam,
1080 2812 1206 2876 cuidam
1227 2813 1332 2894 fratri,
1357 2816 1412 2896 qui
1435 2837 1473 2878 ex
1496 2814 1653 2880 Hebraeis

506 2899 700 2978 crediderat,
730 2920 781 2962 me
808 2899 843 2960 in
866 2897 1071 2980 disciplinam
1093 2897 1185 2978 dedi,
1209 2900 1246 2960 ut
1268 2901 1342 2980 post
1364 2898 1557 2972 Quintiliani
1580 2923 1653 2975 acu-

504 2983 603 3064 mina,
629 2981 791 3046 Ciceronis
814 2982 926 3046 fluvios
954 2982 1212 3066 gravitatemque
1233 2981 1461 3060 Frontoniset
1483 2983 1652 3047 lenitatem

504 3066 623 3149 Plinii,
648 3066 854 3149 alphabetum
870 3067 1025 3130 discerem
1047 3070 1080 3129 et
1095 3067 1264 3129 stridentia
1282 3066 1532 3151 anhelantiaque
1554 3069 1653 3132 verba

504 3152 686 3216 meditarer.
1659 3164 1662 3167 ’

601 3268 605 3275 ’
656 3260 749 3323 idem
772 3269 861 3322 libro
881 3268 919 3322 de
938 3267 1028 3322 Viris
1051 3268 1250 3321 Illustribus
1267 3269 1302 3321 in
1319 3269 1496 3324 Melitone.

589 3370 700 3434 Melito
729 3371 887 3451 Asianus,
918 3369 1086 3434 Sardensis
1110 3371 1294 3453 episcopm,
1325 3370 1443 3434 librum
1464 3373 1652 3454 imperatori
1740 3441 1743 3446 ,

503 3455 548 3517 M.
566 3442 736 3518 Ahtonino
751 3454 848 3535 Vero,
873 3454 927 3536 qui
943 3452 1117 3517 Frontonis
1140 3456 1276 3518 oratoris
1299 3455 1473 3538 discipulus
1495 3457 1568 3538 fuit,
1593 3480 1652 3540 pro

504 3538 688 3602 Christiano
711 3539 862 3621 dogmate
884 3538 981 3601 dedit.
1632 3579 1635 3586 ,

707 3671 798 3725 Idem
816 3671 849 3723 in
868 3671 1035 3725 Chronico
1055 3673 1096 3725 ad
1115 3690 1237 3726 annum
1256 3671 1329 3726 Chr.
1343 3672 1444 3726 CLXV.

587 3774 709 3836 Fronto
725 3775 833 3855 orator
847 3774 987 3857 insignis
1003 3774 1151 3856 habetur,
1176 3775 1231 3858 qui
1248 3774 1292 3838 M.
1309 3776 1514 3840 Antoninum
1529 3777 1651 3840 Verum
1722 3827 1724 3829 .

503 3859 628 3921 Latinis
652 3856 769 3920 litteris
793 3859 940 3922 erudivit.
1415 3889 1418 3896 ·

605 3990 829 4044 Cassiodorus
848 3991 882 4044 in
901 3991 1129 4047 Chronicoad
1148 4010 1267 4045 annum
1286 3992 1413 4046 Christi
1432 3994 1546 4048 CLXIV.

586 4093 731 4157 Macrino
760 4097 792 4157 et
814 4093 906 4159 Celso
930 4116 1032 4158 conss
1063 4094 1184 4157 Fronto
1206 4098 1314 4157 orator
1336 4096 1475 4180 insignis
1499 4097 1648 4181 habetur,

502 4179 557 4261 qui
579 4177 623 4240 M.
648 4179 853 4255 Antoninum
876 4179 1000 4280 Latinis
1023 4179 1141 4242 litteris
1165 4179 1310 4242 erudivit.
1607 4179 1613 4190 '

586 4413 677 4477 Haeo
701 4414 793 4478 affert
815 4415 931 4478 Maius.
978 4414 1063 4488 Quos
1085 4419 1252 4496 praeterea
1280 4416 1390 4479 laudat
1417 4416 1503 4480 locos
1527 4440 1543 4481 e
1566 4418 1649 4482 Iulio

501 4498 638 4561 Fimrico
667 4502 699 4562 et
726 4499 848 4562 Ioanne
877 4499 1129 4580 Saresberiensi,
1164 4521 1232 4563 non
1259 4523 1338 4583 opus
1366 4500 1429 4563 fuit
1457 4501 1648 4585 describere,

431 4650 434 4654 ,
500 4584 575 4666 quia
597 4582 651 4646 ille
675 4584 713 4646 de
737 4584 799 4646 alio
821 4583 985 4647 Frontone
1008 4583 1160 4666 loquitur,
1184 4583 1237 4648 hic
1260 4586 1384 4648 diversa
1406 4586 1530 4650 miscet.
