4142 5659
524 661 588 724 226
867 658 902 711 M.
928 656 1098 712 CORNELII
1120 655 1327 710 FRONTONIS

525 827 690 913 deligitur,
713 827 842 892 ubertas
859 829 917 892 soli
939 829 1005 891 otio
1027 830 1191 911 paratura.
1230 826 1313 902 Quid
1335 827 1473 897 maiores
1488 829 1599 909 vestri,
1616 828 1670 910 qui

524 954 623 1014 remp.
648 934 681 994 et
702 932 871 1014 imperium
886 931 1069 995 Romanum
1083 931 1212 1014 magnis
1229 931 1376 993 auctibus
1392 929 1574 993 auxerunt?
1596 929 1671 993 Pro-

525 1056 601 1097 avus
634 1034 759 1097 uesterb
794 1056 934 1098 summus
961 1033 1099 1097 bellator
1125 1037 1235 1096 tamen
1268 1031 1479 1095 histrionibus
1508 1032 1671 1096 interdum

524 1157 592 1199 sese
615 1135 786 1199 delectavit
807 1139 840 1198 et
861 1139 1028 1218 praeterea
1050 1135 1175 1218 potavit
1199 1135 1277 1198 satis
1301 1138 1446 1216 strenue3
1469 1135 1581 1196 tamen
1604 1134 1670 1196 eius

523 1258 620 1321 opera
641 1237 777 1321 populus
798 1237 963 1301 Romanus
991 1239 1025 1301 10
1052 1237 1224 1319 triumphis
1251 1237 1390 1299 mulsum
1419 1236 1546 1318 saepius
1576 1235 1669 1298 bibit.

524 1345 628 1404 Avom
655 1340 733 1403 item
760 1341 902 1403 vestrum
932 1337 1051 1426 [duum]
1064 1339 1090 1421 ¹,
1120 1339 1249 1402 doctum
1281 1338 1463 1424 principem
1490 1341 1524 1400 et
1553 1359 1671 1400 navom

524 1443 574 1506 012
597 1442 682 1506 orbis
703 1445 862 1505 terrarum
884 1463 951 1504 non
973 1441 1105 1525 regendi
1136 1443 1264 1504 tantum
1292 1441 1347 1503 sed
1376 1440 1475 1503 etiam
1502 1439 1671 1522 perambu-

523 1544 612 1607 landi
634 1543 838 1626 diligentem,
868 1542 1067 1606 modulorum
1095 1545 1206 1605 tamen
1236 1544 1268 1605 et
1290 1541 1461 1604 tibicinum
1489 1541 1597 1604 studio
1620 1540 1670 1603 de-

523 1645 667 1709 vinctum
692 1644 792 1708 fuisse
824 1645 956 1727 scimus,
992 1648 1025 1708 et
1058 1647 1225 1727 praeterea
1256 1642 1464 1727 prandiorum
1492 1643 1670 1725 opimorum

524 1769 645 1811 esorem
667 1748 824 1831 optimum
845 1746 955 1810 fuisse.

513 1865 520 1873 ·
607 1849 677 1912 Iam
691 1870 766 1913 vero
788 1851 880 1930 pater
901 1851 1008 1911 vester
1029 1847 1157 1911 divinus
1178 1847 1233 1910 ille
1251 1847 1301 1910 vir
1321 1847 1556 1930 providentia3,
1581 1848 1669 1930 pudi-

523 1952 615 2034 citia,
650 1949 855 2034 frugalitate,
889 1949 1094 2032 innocentia,
1127 1950 1264 2033 pietate,
1304 1949 1519 2013 sanctimonia
1525 1999 1534 2031 ,
1566 1949 1669 2012 omnis
1723 1963 1725 1967 '

477 2065 479 2070 '
523 2053 684 2117 0010101114
713 2051 896 2135 principum
924 2051 1061 2114 virtutes
1089 2073 1330 2136 supergressus,
1366 2054 1475 2115 tamen
1504 2055 1537 2114 et
1564 2050 1669 2133 palae-

523 2159 623 2219 stram
645 2156 809 2238 ingressus
832 2155 882 2215 est
904 2155 936 2214 et
957 2152 1108 2216 hamum⁵
1130 2154 1285 2217 instruxit
1307 2157 1339 2216 et
1361 2174 1487 2216 scurras
1510 2153 1612 2215 risio.

607 2254 698 2319 Nihil
725 2254 763 2317 de
787 2253 864 2319 Caio
887 2253 1023 2317 Caesare
1053 2254 1123 2318 dico
1152 2256 1306 2318 acerrimo
1329 2253 1518 2337 Cleopatrae
1543 2254 1668 2335 1100101,

522 2358 604 2422 nihil
626 2358 664 2421 de
687 2357 837 2441 Augusto
864 2355 973 2419 Liviae
1001 2357 1080 2419 viro.
1126 2355 1299 2419 Romulum
1326 2356 1432 2439 ipsum
1458 2356 1548 2419 urbis
1575 2355 1670 2418 huius

523 2457 749 2539 conditoremss,
780 2479 852 2520 cum
881 2455 1022 2521 hostium
1047 2458 1161 2521 ducem
1189 2481 1287 2522 manu
1316 2459 1493 2522 comminus
1522 2460 1671 2521 conserta

522 2559 727 2623 obtruncavit
755 2580 889 2642 cumque
911 2559 1014 2642 spolia
1041 2560 1180 2643 opimal⁷
1210 2559 1353 2637 Feretrio
1383 2560 1507 2643 1011113,
1537 2559 1669 2623 huncne

521 2662 612 2725 tenui
639 2661 727 2724 victu
752 2682 845 2723 usum
872 2659 991 2744 putas?
1018 2661 1168 2724 Profecto
1196 2683 1300 2745 neque
1329 2662 1472 2725 esuriens
1500 2662 1671 2745 quisquam

522 2785 625 2846 neque
648 2761 822 2825 abstemius
852 2763 994 2825 animum
1014 2763 1195 2826 induxisset
1216 2763 1359 2848 virgines
1383 2763 1508 2826 adultas
1536 2764 1576 2826 de
1600 2785 1670 2846 spe-

523 2864 656 2928 ctaculis
678 2885 801 2946 rapere.
825 2862 931 2938 Quid?
959 2863 1066 2927 Numa
1089 2886 1186 2928 senex
1209 2864 1429 2928 sanctissimus
1451 2886 1561 2928 nonne
1583 2865 1671 2928 inter

521 2966 587 3029 liba
610 2969 643 3028 et
664 2965 803 3028 decimas
828 2965 1050 3049 profanandas
1073 2970 1105 3029 et
1132 2967 1358 3030 suovetaurilia
1386 2966 1560 3030 mactanda
1583 2970 1670 3030 aeta-

521 3070 587 3131 tem
609 3068 687 3152 egit,
710 3068 895 3151 epulorum9
917 3068 1065 3150 dictator,
1094 3089 1246 3131 cenarum
1268 3068 1397 3151 libator,
1420 3068 1576 3131 feriarum
1598 3090 1670 3151 pro-

521 3169 711 3254 mulgator?
734 3168 920 3233 Saturatum
942 3173 975 3232 et
989 3169 1142 3232 feriatum
1162 3169 1242 3232 dic0.
1270 3167 1435 3256 [Nunquid
1450 3167 1497 3253 tu]
1523 3169 1670 3232 esurialis

606 3290 623 3326 a
642 3276 675 3325 In
692 3276 816 3339 marpiue:
835 3271 947 3336 Hortus,
966 3289 991 3338 q.
1007 3287 1029 3324 0.
1043 3289 1080 3339 p,
1099 3270 1207 3338 indiget
1219 3271 1350 3324 stercoris
1368 3287 1434 3340 ope;
1452 3271 1582 3338 frugibus
1600 3288 1670 3340 ager

520 3356 665 3426 requietus
684 3354 808 3423 eligitur3
826 3356 941 3409 ubertas
960 3372 980 3408 s.
1001 3370 1025 3408 0.
1045 3358 1170 3424 paratur.

605 3441 623 3494 b
642 3443 676 3493 In
693 3446 819 3508 marpine:
842 3439 986 3493 Traianus.

606 3529 672 3580 cIn
689 3530 814 3592 maraine:
833 3523 970 3577 Traianus
987 3523 1168 3577 histrionibus
1187 3524 1340 3578 delectatus
1359 3527 1388 3578 et
1403 3524 1476 3578 vino.
1506 3524 1668 3580 Hadrianus

520 3610 696 3664 modulorum
714 3610 742 3663 et
759 3607 905 3662 tibicinum
923 3606 1015 3660 studio
1028 3606 1172 3662 devinctus
1191 3609 1251 3662 fuit.
1275 3609 1432 3662 Antoninus
1446 3610 1474 3662 et
1494 3610 1668 3678 palaestram

520 3696 662 3764 ingressus
681 3694 724 3745 est
742 3697 770 3745 et
787 3692 929 3744 theatrum
947 3691 1078 3744 instruxit
1095 3694 1124 3746 01
1141 3710 1250 3746 scurras
1269 3693 1337 3747 risit.

605 3779 624 3831 d
642 3781 675 3830 In
692 3781 817 3844 nzarpine:
837 3775 921 3830 Gaius
940 3775 1042 3830 Caesar
1058 3777 1146 3830 hostis
1164 3777 1338 3846 Cleopatrae,
1356 3780 1421 3848 post
1438 3780 1579 3833 moechus.

520 3849 723 3860 ...---

607 3879 727 3933 1Loous
751 3879 842 3932 exstat
865 3878 940 3948 apud
963 3878 1118 3933 charisium
1139 3879 1187 3933 lib.
1209 3886 1222 3932 1
1246 3898 1273 3948 p.
1295 3885 1343 3933 127
1360 3881 1445 3948 Keil,
1473 3882 1524 3934 sed
1550 3881 1665 3936 mirifice

521 3965 673 4032 corruptus.
709 3963 753 4015 Ab
773 3979 806 4016 00
823 3962 913 4016 Maius
931 3964 1028 4018 sumsit
1046 3971 1131 4031 duum,
1155 3965 1228 4032 quod
1252 3964 1428 4019 Heindorfius
1451 3969 1547 4020 censet
1570 3967 1600 4020 10
1619 3967 1667 4022 Co-

521 4050 581 4103 dice
599 4048 675 4102 recte
688 4047 791 4102 abesse.
816 4047 961 4103 Deforme
979 4056 1053 4105 duum
1069 4049 1124 4103 vid.
1139 4050 1284 4103 Bucheler.
1304 4049 1339 4103 de
1351 4049 1486 4104 Declinat.
1505 4051 1567 4105 Lat.
1581 4071 1609 4121 p.
1623 4058 1664 4105 43.

604 4139 620 4188 2
639 4131 739 4186 Omisit
755 4132 844 4186 Maius
863 4144 895 4188 et.
1321 4146 1324 4149 '

604 4218 682 4273 arta
700 4217 801 4272 Codex.
836 4218 939 4273 Maius:
956 4225 1104 4288 prudentio.

604 4309 621 4357 4
639 4303 739 4357 Omisit
755 4303 844 4358 Maius
861 4311 974 4359 omnium.

603 4394 619 4443 5
638 4387 678 4442 Cf.
697 4389 785 4458 Marg.
822 4389 894 4444 Vide
911 4392 1007 4444 tamen
1026 4388 1221 4459 Capitolin.'in
1239 4389 1289 4444 Pio
1308 4409 1331 4445 0.
1352 4398 1391 4445 11.

604 4472 704 4527 6Cod.
723 4491 766 4542 pr.
784 4492 821 4528 m.
840 4481 1019 4530 condictorem.
1263 4485 1265 4490 '

605 4563 619 4610 7
637 4557 739 4627 Incipit
757 4557 822 4612 Cod.
845 4578 872 4628 p.
892 4566 951 4613 225.

603 4646 620 4694 8
637 4646 710 4695 Fixit
728 4642 825 4696 Orellii
843 4648 887 4698 est
904 4643 1031 4714 suspicio.

604 4730 620 4778 9
637 4725 805 4780 Niebuhrius
824 4728 940 4797 corrigit
957 4735 1097 4798 epulonum.
