4142 5659
736 664 919 719 PRINCIPIA
936 665 1139 719 HISTORIAE.
1448 667 1511 730 205

357 860 415 902 res
437 837 569 920 publica
590 836 753 920 poposcit,
783 836 931 899 omnibus
953 836 1107 918 Arpinati
1135 837 1324 919 paupertate
1347 839 1403 899 aut
1426 836 1510 899 Nur-

359 942 436 1004 sina
458 939 599 1003 duritia¹
615 938 748 1002 ducibus
770 937 951 1000 bellicosior
966 937 1074 1000 extitit
1099 986 1158 1000 ...
1180 987 1186 999 .
1211 937 1348 1001 Parthos
1363 937 1510 1001 Romano

359 1041 524 1126 sanguine
546 1041 686 1122 inpiatos
712 1088 852 1102 .....
877 1038 996 1101 orbant
1019 1088 1025 1100 .
1053 1088 1060 1100 .
1083 1039 1294 1127 tranquillus·
1301 1089 1507 1103 .......

362 1191 771 1206 .............
783 1140 1507 1224 l²oratoribus³...atque........

362 1293 603 1308 ........
614 1243 641 1323 13
663 1243 739 1306 olim
762 1242 912 1306 adversus
927 1240 1090 1305 Romanos
1105 1242 1267 1306 intentum
1290 1245 1322 1305 et
1343 1242 1508 1324 infestum,
1562 1266 1566 1271 ·

360 1349 395 1409 et
418 1345 641 1409 instructum4.
687 1343 786 1407 Bellis
809 1345 1019 1407 exercitatum
1043 1394 1049 1406 .
1076 1394 1082 1405 .
1108 1393 1114 1406 .
1141 1345 1171 1405 .⁵
1194 1347 1234 1406 ab
1256 1343 1383 1407 insidiis

568 1447 608 1509 ad
632 1495 1135 1509 ................

567 1547 643 1610 dum
667 1596 1075 1610 .............

569 1649 603 1711 in
628 1698 635 1711 .
660 1650 730 1733 agit
754 1697 1194 1711 ..............

566 1753 673 1813 ratum
701 1771 800 1833 quum
828 1750 869 1813 ad
893 1798 900 1811 .
924 1769 1018 1812 omne
1046 1748 1173 1811 facinus
1202 1748 1382 1812 audendum
1416 1770 1507 1832 prae-

361 1875 437 1936 ceps
474 1852 651 1936 agebatur,
688 1851 778 1914 nullo
808 1851 872 1914 iam
902 1851 1037 1933 scelere,
1076 1849 1160 1932 quod
1190 1851 1328 1914 atrocius
1365 1850 1505 1932 auderet,

360 1954 517 2037 reliquo‘b.
1558 1953 1561 1957 ’

446 2052 1428 2138 1111111111111111.....1111111111.111......7
1464 2073 1507 2116 no

361 2157 572 2221 datum...
599 2156 734 2219 .⁸trato
766 2155 886 2219 bellurn
910 2203 917 2218 .
944 2204 951 2217 .
975 2154 1176 2217 randum..
1222 2152 1275 2216 Ad
1312 2153 1409 2216 hoe'.
1435 2202 1442 2216 .
1472 2153 1507 2216 in

360 2258 481 2333 bellum
502 2258 667 2341 profectus
695 2261 745 2321 est
772 2279 844 2321 cum
868 2256 1006 2340 cognitis
1027 2253 1183 2318 militibus
1205 2254 1330 2318 hostem
1350 2252 1507 2317 Parthum

362 2359 654 2442 contemnentibus,
678 2358 871 2443 sagittarum
892 2358 975 2421 ictus
997 2358 1071 2440 post
1092 2356 1240 2440 ingentia
1261 2355 1423 2419 Dacorum
1447 2354 1506 2418 fal-

363 2461 451 2524 cibus
472 2460 576 2522 inlata
598 2459 729 2524 volnera
757 2459 934 2542 despicatui
956 2457 1181 2521 habentibus0.
1226 2456 1346 2520 Multos
1367 2456 1507 2520 militum

361 2562 536 2644 imperator
563 2582 620 2625 suo
649 2582 804 2645 quemque
832 2559 963 2624 nomine
984 2560 1133 2643 proprio⁹
1157 2562 1252 2642 atque
1278 2558 1433 2622 castrensi
1457 2579 1506 2621 co-

362 2656 515 2747 gnomine
538 2664 584 2746 [et
599 2661 641 2749 io]
651 2657 1001 2745 ¹⁰culari'appellabat.
1047 2659 1161 2744 Pigros
1179 2710 1186 2723 .
1206 2661 1247 2723 ‚¹¹
1270 2659 1320 2723 vel
1343 2660 1506 2726 corniculo

360 2765 410 2828 vel
449 2761 569 2851 [aureo]
604 2763 655 2827 vel
691 2763 809 2846 partim
845 2813 850 2824 .
878 2813 883 2824 .
920 2762 1072 2846 cuiusque
1102 2812 1109 2823 .
1137 2813 1142 2823 .
1170 2812 1175 2824 .
1206 2763 1292 2825 tores
1324 2759 1506 2844 triumphos

362 2887 409 2929 c.
437 2916 443 2929 .
471 2916 478 2928 .
505 2915 512 2928 .
536 2865 599 2927 is¹²
623 2909 964 2927 ...........
975 2863 1014 2947 113
1039 2912 1214 2926 ......
1238 2862 1346 2926 disset.

445 3085 463 3122 a
480 3072 515 3120 In
532 3073 658 3135 11191111
676 3065 864 3135 Panegyricus
882 3065 1023 3134 Vologesi.

444 3153 463 3205 b
482 3156 517 3205 In
533 3157 659 3221 margine:
677 3150 721 3204 Ad
740 3166 821 3204 omne
839 3181 872 3189 -
888 3150 1005 3218 reliquo.

445 3254 460 3291 c
481 3240 515 3290 In
532 3242 658 3305 maraine:
676 3235 843 3290 Parthorum
866 3235 985 3303 sagittas
1006 3234 1141 3286 militibus
1163 3231 1266 3286 nostris
1292 3233 1358 3302 post
1378 3232 1505 3301 ingentia

361 3321 500 3374 Dacorum
518 3320 635 3374 falcibus
652 3319 741 3374 inlata
758 3320 873 3375 vulnera
891 3318 1141 3374 contemnentibus.

447 3532 459 3577 1
479 3523 608 3591 intellige
625 3523 745 3577 Marium
763 3526 791 3578 et
807 3522 1018 3593 Vespasianum.
1056 3525 1216 3576 Niebulm'uc.

444 3615 460 3662 2
479 3607 610 3674 Sequitur
628 3607 694 3662 sod.
714 3627 741 3678 p.
760 3614 817 3663 273.

445 3701 460 3749 3
478 3691 599 3761 Explicit
617 3692 762 3759 quaternio
780 3692 902 3746 XXXVI.
938 3690 1069 3758 Sequitur
1087 3690 1153 3745 God.
1172 3709 1199 3760 p.
1219 3696 1277 3745 252.

444 3783 461 3830 4
478 3777 586 3845 Nempe
604 3776 709 3830 bellum
727 3776 883 3846 Vologesus
900 3778 1032 3846 paratum
1050 3776 1102 3829 sub
1124 3775 1175 3829 Pio
1199 3775 1286 3830 Marci
1304 3777 1333 3829 et
1350 3775 1417 3830 Veri
1434 3778 1504 3830 tem·

362 3877 428 3930 pore
445 3860 553 3915 indixit.
572 3890 575 3897 .
591 3861 709 3931 Capitol.
727 3861 756 3913 in
773 3861 809 3914 M.
829 3867 853 3916 8.
890 3865 985 3917 Maius.

447 3951 462 4000 5
480 3946 588 4000 Desunt
607 3946 739 4012 quattuor
756 3945 875 4000 litterae.

445 4035 461 4082 6
477 4030 585 4084 Desunt
603 4029 724 4098 quinque
741 4030 861 4084 litterae.

444 4120 459 4182 7
477 4115 586 4168 Desunt
603 4131 650 4168 sex
670 4113 788 4168 litterae.

442 4205 459 4253 8
476 4199 584 4253 Desunt
602 4202 710 4268 septem
727 4215 831 4264 versus,
850 4215 937 4265 usque
956 4198 993 4252 ad
1010 4205 1036 4251 in
1054 4202 1149 4252 tetum.

443 4290 459 4338 9
478 4282 630 4338 Confirmat
648 4283 682 4337 de
701 4282 820 4337 Traiano
839 4281 944 4336 Plinius
962 4283 1066 4350 Paneg.
1087 4299 1109 4335 c.
1132 4288 1169 4335 15.
1204 4286 1298 4335 Maius.

428 4372 460 4422 10
477 4369 522 4422 Ita
539 4368 723 4438 supplendum
741 4366 858 4422 videtur.

427 4458 457 4505 11
478 4453 548 4507 Sunt
565 4452 700 4507 tredecim
717 4469 813 4506 versus
831 4468 918 4519 usque
937 4452 973 4505 ad
990 4451 1112 4521 paginae
1130 4450 1220 4503 finem.

426 4542 458 4589 12
475 4537 555 4591 Duae
572 4540 731 4605 postremae
749 4537 859 4591 litterae
878 4553 895 4590 a
913 4553 965 4590 sec.
985 4555 1021 4589 m.

427 4628 458 4675 13
477 4620 609 4688 Sequitur
627 4620 693 4675 Cod.
712 4639 740 4690 p.
760 4627 808 4675 251
828 4620 953 4674 obscura.
978 4620 1167 4675 Heindoriius:
1186 4624 1280 4687 Pipros
1293 4617 1501 4686 exhortabatur,

361 4705 486 4759 strenuos
504 4713 544 4760 cel
561 4712 688 4760 corniculo
707 4712 746 4758 vel
762 4705 857 4758 balteo
875 4712 914 4759 oct
932 4704 1048 4758 armillis
1065 4703 1186 4772 ingentis
1207 4709 1302 4771 parlim
1318 4702 1403 4771 pretii
1420 4702 1500 4757 donis
