4142 5659
532 661 581 715 AD
599 661 730 715 VERUM
747 661 869 715 IMPER.
889 660 1084 715 AURELlUM
1104 661 1296 714 CAESAREM
1313 663 1421 714 LIBER-
1439 663 1458 714 I.
1516 665 1573 727 117

653 898 716 964 IV.
751 897 902 964 Bomino
924 898 1000 964 Meo
1023 899 1116 965 Vero
1139 897 1333 979 Augustae

394 1109 401 1115 .
508 1033 599 1108 Quod
626 1034 705 1116 heri,
737 1056 809 1097 cum
830 1035 865 1097 in
893 1033 1050 1116 palatium
1081 1035 1176 1097 vestri
1198 1034 1320 1097 visendi
1345 1055 1440 1097 causa
1466 1034 1570 1096 renis-

416 1156 500 1216 sem,
524 1157 591 1198 non
615 1132 659 1220 [te
675 1134 827 1222 viselrim,
852 1157 918 1198 non
933 1156 1004 1198 mea
1021 1136 1115 1219 culpa
1130 1136 1273 1198 evenisse
1293 1135 1461 1198 ostendam
1476 1133 1571 1218 paulo

416 1240 504 1318 post.
556 1225 688 1310 Quodsi¹
706 1243 808 1301 volcas
840 1236 945 1300 libens
977 1237 1093 1299 scienti
1121 1238 1228 1300 animo
1256 1243 1314 1300 boc
1346 1241 1480 1313 officiam
1509 1257 1570 1300 noa

417 1337 662 1419 persolvissem,
697 1335 971 1425 hau[dqua]quan1
1002 1359 1053 1401 me
1074 1337 1282 1419 paeniteret.
1339 1337 1415 1400 Fuit
1446 1335 1568 1423 [enim],

418 1439 486 1501 fuit
515 1436 618 1525 [haec]
643 1459 748 1521 causa,
772 1460 829 1502 cur
857 1450 889 1501 tu
909 1452 970 1502 tum
991 1438 1039 1520 ²!ss
1061 1439 1274 1501 familiaribus
1301 1439 1419 1501 litteris
1445 1459 1571 1500 mecum

419 1539 651 1622 expostulares.
696 1538 809 1622 Neque
836 1542 926 1603 tanto
949 1561 1044 1622 opere
1066 1540 1255 1623 gauderem,
1285 1541 1341 1621 sei,
1370 1562 1442 1603 cum
1471 1539 1511 1601 ad
1537 1542 1570 1601 te

417 1641 590 1722 venissem,
616 1662 738 1704 summo
762 1662 834 1704 eum
856 1641 976 1703 honore
999 1641 1059 1703 ab⁴
1081 1644 1114 1704 te
1137 1641 1316 1724 appellatus
1339 1663 1451 1722 essem,
1475 1662 1570 1723 quam

418 1765 508 1804 nunc
529 1743 653 1826 gaudeo
675 1745 768 1805 tanto
790 1763 841 1804 me
863 1742 969 1825 iurgio
997 1742 1221 1806 desideratum.
1271 1742 1418 1826 Namque
1447 1745 1483 1804 tu
1511 1763 1569 1823 pro

418 1847 477 1906 tua
495 1842 654 1926 singulari
676 1843 878 1906 humanitate
899 1863 1008 1906 omnes
1025 1843 1128 1905 nostri
1143 1844 1264 1907 ordinis
1285 1845 1380 1925 viros,
1403 1843 1459 1906 ubi
1480 1863 1569 1924 prae-

419 1948 470 2008 sto
494 1945 621 2025 adsunt,
646 1943 821 2007 honorifice
844 1943 973 2026 adforis,
997 1965 1064 2006 non
1086 1965 1196 2007 omnes
1219 1967 1338 2028 magno
1358 1965 1453 2026 opere
1468 1943 1570 2027 requi-

420 2047 465 2109 ris
488 2046 648 2109 absentes.
683 2043 774 2107 Haec
797 2045 933 2128 denique
957 2047 1072 2108 causa⁵
1095 2047 1154 2126 est,
1178 2045 1213 2107 in
1235 2068 1298 2128 qua
1313 2045 1423 2108 malim
1437 2047 1470 2107 te
1490 2043 1570 2106 mihi

420 2147 564 2230 graviter
578 2147 674 2210 irasci
690 2168 787 2230 quam
802 2146 940 2209 libenter
955 2150 1133 2229 ignoscere.
1157 2146 1309 2210 Irasceris
1326 2147 1412 2209 enim
1428 2148 1570 2228 quantoa

420 2248 654 2312 desiderantius
677 2247 838 2310 desideras
862 2297 869 2310 .
895 2298 901 2310 .
931 2247 980 2310 bis
1010 2247 1037 2310 si
1061 2269 1168 2310 amare
1191 2247 1353 2310 desieris.6
1396 2245 1569 2309 Enimvero
1601 2309 1603 2313 .

421 2371 494 2412 cum
515 2351 553 2412 tu
574 2352 712 2431 tuusque
739 2346 841 2410 frater
868 2348 904 2411 in
932 2349 1033 2412 tantis
1062 2348 1176 2430 opibus
1203 2349 1316 2430 locati,
1346 2350 1440 2410 tanta
1462 2347 1569 2410 multi-

419 2451 532 2514 tudine
556 2450 699 2513 omnium
721 2471 877 2533 generum
899 2450 1104 2533 omniumque
1126 2450 1284 2532 ordinum,
1313 2449 1349 2512 in
1376 2470 1454 2532 quos
1484 2470 1569 2511 amo-

419 2573 488 2615 rem
510 2553 653 2614 vestrum
674 2550 871 2634 dispergitis,
897 2551 1154 2632 circumfusuml,
1185 2550 1265 2614 mihi
1292 2571 1416 2634 quoque
1443 2553 1569 2632 partem

420 2652 537 2715 amoris
560 2652 659 2715 vestri
681 2650 870 2716 nonnullam
897 2652 1101 2737 impertiatis,
1131 2653 1207 2735 quid
1229 2674 1280 2716 me
1301 2653 1408 2715 facere
1430 2654 1566 2733 oportet,

420 2754 510 2817 cuius
533 2754 625 2836 spes8
648 2775 787 2836 opesque
809 2775 919 2818 omnes
941 2754 976 2816 in
998 2753 1089 2817 vobis
1112 2756 1189 2816 sunt
1211 2753 1285 2815 solis
1302 2751 1405 2816 sitae?
1441 2750 1517 2815 Non
1539 2753 1567 2815 ei

418 2858 489 2917 tum
512 2858 624 2936 pectus
646 2875 753 2917 meum
859 2855 933 2937 quid
958 2905 965 2917 .
989 2905 995 2917 .
1021 2858 1078 2917 aut
1099 2854 1155 2917 ubi
1176 2854 1249 2917 illos
1271 2853 1351 2916 mihi
1374 2855 1471 2916 anteb
1489 2904 1495 2915 .
1514 2903 1521 2915 .
1540 2854 1567 2915 ‚⁹

505 3039 522 3076 a
542 3027 574 3076 In
593 3028 718 3090 margine:
741 3065 906 3077 .......
925 3027 993 3076 anto

738 3150 851 3159 .....
871 3106 1061 3161 desideratum

505 3193 523 3244 b
546 3196 576 3244 In
596 3197 721 3260 margine:
742 3233 1015 3244 ...........
1032 3206 1033 3209 ’
1037 3233 1257 3243 .........

739 3318 850 3328 .....
871 3293 899 3327 m
917 3292 1001 3343 quam
1019 3278 1051 3327 ut
1068 3290 1117 3328 vos

740 3401 931 3412 ........
950 3361 1036 3412 immo
1054 3359 1104 3412 reb

739 3485 850 3497 .....
869 3444 930 3498 illos
948 3442 1017 3495 mihi
1034 3446 1107 3497 ante.

417 3597 574 3667 impedient
591 3596 707 3664 negotia
724 3595 850 3664 quamvis
869 3607 970 3664 tament,
995 3605 1055 3665 quia
1072 3608 1097 3650 te
1115 3595 1233 3650 revisam
1255 3597 1305 3649 aut
1327 3595 1440 3649 dextera
1458 3595 1565 3648 salvum

419 3726 425 3736 .
442 3689 495 3736 ‚lis
513 3693 654 3748 expectem.

508 3773 519 3819 1
538 3763 692 3819 Duodecim
709 3764 843 3830 versibus,
862 3763 909 3832 qui
927 3763 972 3816 vix
989 3764 1046 3833 legi
1062 3766 1187 3833 possunt.

505 3847 628 3902 2Maius
644 3848 760 3902 addidit.
797 3849 860 3901 Non
876 3847 947 3901 vidit
964 3848 1069 3901 amicus
1087 3864 1172 3901 meus.
1198 3846 1262 3903 Mox
1280 3865 1331 3916 pro
1349 3855 1388 3901 sci
1405 3864 1458 3901 seo.
1478 3866 1514 3900 m.
1533 3854 1563 3901 si.

506 3942 521 3988 3
539 3933 640 4002 Incipit
659 3932 725 3986 cod.
745 3934 841 3986 Ambr.
860 3951 886 4000 p.
901 3938 959 3985 444.

425 4069 427 4071 ,
504 4023 521 4071 4
538 4017 627 4071 Maius
645 4016 742 4070 scribit
759 4023 801 4078 ad,
819 4015 995 4070 Heindorfius
1013 4037 1030 4069 a
1048 4028 1082 4072 te.

505 4101 627 4155 5Maius
662 4101 759 4154 scribit
793 4106 888 4168 culpc.'
932 4101 1044 4154 Amicus
1081 4101 1152 4155 vidit
1174 4103 1224 4154 has
1254 4102 1362 4154 litteras
1391 4101 1563 4170 superstites:

417 4184 681 4238 DENIC....SA.

505 4273 520 4320 6
538 4269 615 4323 Haec
633 4273 675 4322 est
694 4270 777 4322 lectio
795 4268 870 4322 Maii.
911 4270 992 4324 Dabo
1015 4269 1091 4337 quod
1108 4269 1190 4322 hodie
1207 4269 1311 4337 legitur
1336 4269 1365 4321 in
1384 4268 1492 4333 Codice,
1515 4270 1564 4323 sed

416 4351 487 4405 nihil
510 4351 581 4406 sani
592 4353 700 4406 extudit
724 4365 817 4423 quanto
842 4396 847 4406 .
863 4393 886 4406 ..
906 4359 1094 4406 desiderantius
1117 4360 1220 4407 desider
1239 4395 1244 4406 .
1260 4396 1265 4406 .
1284 4356 1309 4405 A
1323 4395 1328 4406 .
1341 4351 1436 4407 aad.
1452 4397 1457 4406 .
1473 4354 1515 4406 ,Ε
1535 4397 1541 4407 .
1557 4397 1562 4407 .

417 4436 606 4491 rotomeco
622 4479 627 4489 .
643 4479 648 4489 .
662 4438 685 4489 A
701 4479 705 4490 .
721 4480 726 4490 .
740 4436 896 4491 edissae)
910 4481 915 4490 .
931 4478 936 4489 .
952 4479 956 4490 .
971 4441 1016 4490 bie.
1048 4435 1084 4489 Hi
1102 4438 1165 4490 sunt
1183 4437 1237 4493 duo
1248 4454 1340 4490 versus
1358 4454 1421 4491 cum
1439 4437 1561 4492 dimidio.

504 4520 595 4574 7811.
616 4526 767 4588 circumfusi.
804 4528 978 4588 Heindorfiua.

504 4610 519 4658 8
537 4605 581 4657 Ab
599 4605 653 4658 hac
669 4621 737 4658 voce
756 4623 842 4673 usque
861 4606 898 4660 ad
906 4616 1046 4674 praestare
1056 4612 1151 4674 possim
1163 4607 1203 4658 nil
1214 4606 1308 4660 videre
1320 4607 1349 4659 in
1362 4597 1462 4661 Codice
1475 4606 1561 4663 licuit.

504 4695 519 4741 9
537 4687 642 4757 Supple
660 4706 756 4743 versus
773 4689 802 4742 in
819 4690 861 4744 his
878 4689 984 4744 lacunis
1002 4690 1090 4745 ferme
1109 4689 1238 4763 quinque.
1264 4695 1358 4749 Maias,
