4142 5659
418 673 479 735 114
625 671 662 724 11.
682 670 851 726 connum
868 639 1075 728 saouroms
1093 673 1350 729 EPISTULARUM

414 840 570 925 Lucilius,
595 842 750 907 Albucius
774 844 896 927 aridus,
926 844 1071 908 sublimis
1093 843 1276 928 Lucretius,
1310 846 1479 910 mediocris
1502 847 1563 912 Pa-

415 943 556 1025 cubius¹,
580 943 758 1027 inaequalis
781 945 915 1029 Accius,
939 944 1067 1008 Ennius
1088 945 1317 1010 multiformis?
1360 947 1563 1012 Historiama

414 1066 537 1128 quoque
560 1044 715 1109 scribsere
731 1044 902 1110 Sallustius
925 1049 1057 1129 structe,
1081 1046 1190 1110 Pictor
1208 1047 1383 1130 incondite,
1409 1047 1564 1114 Claudius

413 1146 532 1228 lepide,
562 1147 679 1210 Antias
701 1147 887 1229 invenuste,
918 1147 1092 1213 Seisenna²
1120 1148 1311 1232 longinque,
1343 1150 1452 1213 verbis
1480 1150 1564 1215 Cato

377 1291 379 1295 ψ
412 1248 602 1332 multiiugis,
627 1247 750 1312 Coelius
770 1249 917 1333 singulis.
952 1249 1187 1313 Contione-turb
1211 1253 1319 1314 autem
1334 1249 1414 1315 Cato
1429 1250 1561 1334 infeste,

413 1348 577 1413 Gracchus
599 1350 795 1432 turbulente,
820 1350 943 1414 Tullius
967 1352 1103 1435 copiose.
1141 1351 1211 1413 Iam
1232 1351 1268 1414 in
1289 1351 1435 1433 iudiciisc
1458 1354 1564 1416 saevit

411 1451 496 1513 idem
518 1450 607 1533 Cat0,
637 1451 816 1534 triumphat
843 1451 964 1533 Cicero,
992 1453 1208 1515 tumultuatur
1231 1452 1406 1534 Gracchus,
1443 1453 1562 1517 Calvus

410 1552 542 1615 rixatur.

496 1653 558 1718 Sed
578 1653 657 1717 haec
680 1654 825 1738 exempla
840 1654 977 1718 fortasse
994 1658 1192 1719 contemnas.
1223 1654 1330 1730 Quid?
1348 1655 1561 1740 philosophid

410 1754 469 1838 ipsi
498 1777 608 1818 nonne
630 1755 754 1818 diverso
777 1777 895 1838 genere
917 1757 1072 1820 orationis
1094 1757 1143 1820 usi
1166 1756 1267 1820 sunt?
1305 1755 1411 1819 Zeno³
1435 1757 1476 1819 ad
1506 1758 1561 1822 do—

411 1857 547 1918 cendum
568 1854 784 1939 planissimus,
809 1856 956 1921 Socrates
979 1858 1022 1920 ad
1036 1859 1275 1941 coarguendum
1291 1858 1559 1941 captiosissimus,

410 1957 572 2040 Diogenes
601 1957 640 2020 ad
664 1957 687 2039 14
710 1958 967 2040 exprobrandum
988 1959 1264 2043 promptissimus,
1294 1957 1480 2022 Heraclitus
1504 1960 1559 2023 ob-

409 2079 520 2121 scurus
556 2058 717 2123 involvere
750 2060 873 2141 omnia,
911 2059 1118 2144 Pythagora⁵
1154 2060 1307 2123 mirificus
1345 2060 1560 2124 clandestinis

409 2159 511 2243 signis
533 2161 658 2224 sancire
681 2161 802 2243 omnia,
839 2159 1056 2225 Clitomachus
1085 2183 1203 2244 anceps
1230 2161 1266 2224 in
1289 2160 1420 2224 dubium
1442 2183 1560 2225 vocare

410 2261 527 2327 omnia.
572 2261 732 2336 Quidnam
754 2263 855 2346 igitur
883 2265 1018 2346 agerent
1044 2263 1100 2326 isti
1126 2263 1190 2346 ipsi
1223 2263 1453 2344 sapientissimi
1481 2263 1556 2344 viri,

410 2363 437 2424 si
459 2363 497 2425 de
520 2385 576 2426 suo
599 2363 731 2446 quisque
753 2384 840 2426 more
863 2368 958 2447 atque
980 2364 1130 2428 instituto
1152 2362 1407 2427 deducerentur?
1444 2362 1558 2427 Socra-

407 2467 456 2526 tes
479 2486 520 2527 ne
544 2467 746 2548 coargueret,
777 2464 926 2528 Zenone
949 2465 1157 2548 disceptaret,
1191 2463 1353 2548 Diogenes
1381 2486 1423 2528 ne
1451 2465 1557 2528 incre-

407 2568 515 2648 paret,
539 2565 658 2648 nequid
680 2564 866 2649 Pythagora
888 2567 1044 2648 sanciret,
1072 2565 1190 2649 nequid
1212 2558 1397 2628 Heraclitus
1421 2565 1557 2630 abscon-

408 2666 506 2748 deret,
530 2665 649 2748 nequid
672 2664 889 2731 Clitomachus
913 2668 1100 2752 ambigeret.

493 2765 554 2830 Sed
576 2788 617 2830 ne
638 2767 673 2829 in
695 2768 800 2850 prima
821 2768 884 2831 ista
907 2772 998 2853 parte
1021 2768 1140 2832 diutius
1156 2791 1252 2852 quam
1268 2769 1424 2852 epistulae
1439 2770 1557 2833 modus

406 2866 549 2950 postulat
577 2889 820 2951 commoremur,
858 2873 984 2952 tempus
1014 2872 1063 2932 est
1089 2870 1127 2932 de
1155 2870 1280 2933 verbise
1307 2870 1447 2953 primum
1476 2871 1557 2954 quid

407 2990 536 3032 censeas
565 2971 774 3035 considerare.
825 2970 886 3035 Dic
907 2972 998 3034 sodes
1020 2970 1081 3034 hoc
1100 2970 1196 3053 mihi,
1226 2974 1376 3035 utrumne
1383 2973 1556 3054 ,tametsi

405 3071 475 3134 sine
497 3070 562 3134 ullo
584 3071 693 3159 labore
716 3094 753 3135 ac
776 3072 880 3135 studio
908 3093 978 3135 meo
1006 3072 1104 3143 verba
1131 3071 1210 3134 mihi
1239 3073 1439 3156 elegantiora
1466 3072 1555 3135 ultro

377 3207 378 3212 κ
405 3176 618 3255 occurrerent,
643 3173 823 3255 spernenda
846 3195 956 3237 censes
980 3195 1016 3236 ac
1032 3173 1254 3265 repudianda?
1283 3172 1338 3237 An
1354 3196 1426 3238 cum
1440 3173 1554 3237 labore

405 3273 532 3356 quidem
554 3276 587 3336 et
609 3275 713 3337 studio
735 3274 931 3359 investigare
953 3275 1051 3339 verba
1067 3274 1229 3358 elegantia
1249 3274 1414 3357 prohibes,
1439 3276 1553 3338 eadem

403 3394 494 3456 vere,
525 3374 550 3436 si
579 3374 680 3457 ultro,
710 3375 738 3437 si
765 3375 889 3439 iniussu
917 3378 1012 3459 atque
1040 3376 1192 3439 invocatu
1219 3396 1290 3439 meo
1318 3376 1483 3458 venerint,
1514 3382 1553 3440 ut

404 3473 604 3538 Menelaumf
630 3475 670 3537 ad
692 3473 831 3559 epulasss,
856 3477 984 3561 quidem
998 3477 1099 3560 recipi
1120 3475 1234 3540 iubes?
1264 3476 1349 3540 Nam
1371 3477 1458 3540 istud
1481 3479 1552 3561 qui-

488 3692 505 3729 a
522 3680 556 3728 In
573 3684 697 3742 marpine:
717 3675 788 3741 Quid
805 3678 930 3733 historici
947 3679 1092 3748 proprium
1109 3679 1223 3733 habent.

476 3761 505 3812 vb
525 3764 558 3813 111
576 3767 700 3828 margine:
718 3761 760 3815 De
779 3761 998 3817 contionantium
1015 3762 1145 3833 propriis.

488 3860 502 3896 c
524 3847 557 3896 In
575 3850 699 3912 margine:
719 3843 794 3908 Quae
812 3845 841 3900 in
860 3846 1022 3916 [causidicis]
1043 3847 1157 3915 singulis
1174 3847 1277 3901 fuerint
1294 3845 1417 3917 propria.

487 3927 505 3979 d
527 3932 556 3980 In
575 3935 699 3997 nzaryiue:
718 3929 754 3982 Et
770 3930 929 4000 philosophi
948 3930 1056 3985 diverso
1075 3948 1177 3999 genere
1196 3932 1280 4000 atque
1299 3931 1425 3986 oratione
1444 3933 1493 3987 usi.

487 4030 501 4066 θ
523 4017 555 4066 Iu
574 4020 698 4080 margine:
716 4014 796 4068 Nunc
814 4015 848 4068 de
866 4015 967 4070 verbis.
1141 4085 1148 4092 ἡ

487 4099 501 4150 f
523 4101 554 4150 In
573 4104 697 4166 correptae:
716 4098 857 4152 Menelaus
874 4099 1019 4153 invocatus
1038 4100 1075 4155 ad
1093 4101 1188 4169 epulas
1206 4100 1283 4153 venit
1301 4101 1329 4153 et
1346 4103 1475 4170 receptus
1492 4104 1545 4156 cst.

487 4292 498 4337 l
519 4283 584 4338 Cod.
604 4300 712 4340 seom.
733 4291 867 4340 Pacuuius.

483 4375 498 4421 2
518 4368 583 4422 Cod.
604 4385 712 4423 sec-m.
733 4373 851 4423 Sisenna.

484 4460 499 4507 3
518 4452 623 4518 Codex:
643 4457 725 4516 Xeno,
744 4453 817 4508 infra
836 4460 913 4509 Zeno.

482 4543 499 4589 4
516 4536 617 4606 Incipit
634 4536 701 4592 Cod.
719 4537 783 4592 Vas.
803 4557 831 4607 p.
845 4545 869 4592 4.

483 4628 498 4675 5
516 4622 560 4674 Ita
577 4620 677 4676 Codex.

481 4706 546 4757 6111
570 4705 669 4758 Codice
697 4707 834 4775 repetitur
859 4680 980 4762 venerint.
1028 4709 1171 4763 Librarius
1198 4710 1294 4779 priore·
1319 4711 1380 4766 loco
1408 4712 1542 4767 delevisse
