4142 5659
632 539 681 595 AD
699 539 736 593 M.
751 536 944 595 CAESAREM
961 539 1008 594 ΕΤ
1027 539 1306 636 mulctaremur
1324 540 1370 593 ΙΙΙ.
1530 543 1572 606 53
1610 583 1613 586 ,

425 713 618 777 Alcibiaden
640 735 714 777 vero
737 715 921 795 ceterosque
944 711 1157 775 adulescentis
1180 731 1298 794 genere
1321 713 1376 774 aut
1392 711 1496 775 forma
1517 715 1573 775 aut

425 816 539 900 opibus
575 816 698 879 feroces
732 837 794 899 quo
829 817 926 898 pacto
959 796 1123 897 appellare
1149 812 1257 896 'adque
1288 812 1392 875 adfari
1426 814 1572 877 solebat?

424 939 483 1000 per
502 917 643 1002 iurgium
666 939 710 979 an
731 938 789 1000 per
804 915 995 981 notuiuv¹l
1023 915 1245 998 exprobrando
1273 913 1389 978 acriter
1411 937 1491 998 quae
1520 916 1571 979 de-

423 1020 609 1103 linquerent
635 1040 677 1082 an
698 1019 816 1082 leniter
839 1017 1028 1102 arguendo?
1070 1016 1183 1100 Neque
1210 1017 1321 1080 decrat
1349 1015 1473 1081 Socrati
1500 1039 1571 1100 pro-

423 1122 509 1185 fecto
537 1122 680 1205 gravitas
715 1122 771 1183 aut
803 1120 865 1201 vie,
904 1118 1095 1203 quantumst
1124 1118 1254 1202 cynicus
1283 1117 1444 1203 Diogenes
1476 1118 1571 1203 volgo

424 1223 603 1287 saeviebat:
641 1223 696 1286 sed
732 1222 813 1286 vidit
847 1222 992 1305 profecto
1028 1221 1162 1305 ingenia
1194 1220 1314 1304 partim
1342 1218 1506 1284 hominum
1533 1244 1570 1291 ac

423 1326 595 1412 praecipue
629 1324 882 1388 adulescentium
908 1323 1036 1386 facilius
1071 1322 1172 1386 comi³
1201 1323 1303 1406 adque
1336 1322 1469 1386 adfabili
1501 1345 1570 1386 ora—

423 1428 511 1491 tione
533 1427 628 1490 leniri
650 1449 746 1511 quam
773 1426 839 1489 acri
861 1424 1064 1508 violentaque
1092 1425 1246 1508 superari.
1291 1422 1403 1508 Itaque
1431 1447 1498 1488 nou
1526 1426 1570 1488 vi-

423 1530 505 1593 niis⁴
535 1550 639 1612 neque
662 1528 815 1592 arietibus
838 1549 961 1591 errores
984 1527 1237 1590 adulescentium
1259 1526 1483 1611 expugnabat,
1514 1527 1570 1591 sed

424 1630 580 1695 cuniculis
603 1630 792 1693 subruebat:
821 1650 924 1712 neque
952 1650 1103 1712 umquam
1132 1629 1172 1692 ab
1201 1651 1237 1693 eo
1266 1628 1425 1692 auditores
1454 1628 1569 1692 disces-

423 1755 492 1798 sere
514 1732 659 1814 lacerati,
684 1732 739 1795 sed
760 1752 1002 1814 nonnumquam
1032 1729 1182 1794 lacessiti.
1206 1728 1267 1793 Est
1282 1730 1368 1793 enim
1390 1752 1492 1814 genus
1514 1731 1570 1794 ho-

422 1837 546 1899 minum
579 1837 697 1897 natura
729 1832 966 1897 insectantibus
994 1832 1196 1914 indomitum,
1226 1832 1468 1896 blandientibus
1497 1854 1570 1896 con-

424 1936 577 2001 ciliatum.
623 1934 727 2011 Quam
749 1935 789 1998 ob
812 1956 880 1999 rem
902 1934 1029 1998 facilius
1052 1933 1225 2018 precariis⁵
1248 1934 1445 2016 decedimus,
1475 1957 1570 2019 quam

422 2039 572 2102 violentis
594 2038 806 2120 deterremur,
831 2036 964 2120 plusque
988 2035 1028 2099 ad
1051 2036 1275 2120 corrigendum
1290 2040 1480 2120 promovent
1497 2058 1569 2100 con-

324 2200 329 2212 ,
423 2139 495 2203 silia
517 2162 614 2224 quam
635 2139 750 2224 iurgia.
796 2137 848 2200 Ita
877 2137 1021 2201 comitati
1050 2137 1251 2201 monentium
1274 2138 1492 2221 obsequimur,
1521 2138 1569 2202 in·

424 2241 612 2305 clementiae
634 2239 875 2324 obiurgantium
898 2239 1105 2303 obnitimur.b

736 2373 750 2460 ἶ
793 2407 892 2496 xer.
927 2407 1080 2473 nomino
1102 2407 1189 2474 111.

507 2546 597 2623 Quod
619 2550 655 2611 tu
670 2569 721 2611 me
743 2549 838 2629 putes
861 2566 1008 2609 somnum
1032 2544 1152 2628 cepisse
1160 2545 1182 2627 θ,
1206 2547 1308 2609 totam
1323 2568 1426 2629 paene
1440 2550 1568 2611 noctem

421 2648 630 2733 pervigilavi,
658 2671 784 2713 mecum
805 2647 874 2731 ipse
896 2650 1062 2730 reputans
1090 2668 1167 2709 num
1189 2647 1273 2711 forte
1301 2647 1400 2711 nimio
1414 2649 1438 2734 2⁷
1462 2671 1568 2712 amore

421 2750 469 2814 tui
491 2750 655 2814 remissius
678 2754 710 2814 et
733 2749 923 2814 clementius
946 2746 1119 2811 delictum⁸
1148 2748 1274 2831 aliquod
1296 2752 1388 2812 tuum
1411 2753 1567 2814 aestuma-

421 2873 503 2935 rem,
536 2874 615 2915 num
642 2855 679 2916 tu
701 2851 879 2916 ordinatior
905 2849 1080 2934 perfectior
1106 2849 1172 2914 iam
1205 2849 1240 2913 iu
1263 2851 1463 2935 eloquentia9
1499 2874 1568 2916 esse

507 3073 524 3109 a
542 3059 575 3108 Iu
594 3061 721 3124 ruarpine:
743 3055 775 3107 In
793 3053 860 3108 alio:
880 3053 1022 3122 quantam.

506 3140 524 3194 b
545 3144 577 3193 In
595 3146 722 3209 morpine:
739 3139 764 3192 A
776 3138 893 3193 Socrate
911 3138 1053 3193 auditores
1065 3137 1213 3191 discessere
1225 3138 1342 3191 lacerati
1353 3138 1402 3192 sed
1415 3157 1567 3207 numquam

420 3226 551 3280 lacessiti.
571 3224 620 3278 Est
632 3224 706 3279 enim
877 3223 1063 3277 conciliatum,
1080 3221 1146 3275 Plus
1164 3221 1200 3276 ad
1219 3221 1415 3290 corrigendum

421 3311 581 3366 obnitimur.

507 3504 519 3551 1
539 3497 643 3551 Dubito
662 3498 697 3550 de
714 3497 768 3550 hac
785 3513 860 3550 voce.
889 3495 1018 3549 Fortasse
1037 3494 1142 3548 Fronto
1160 3493 1199 3546 sic
1216 3493 1302 3547 vertit
1313 3494 1470 3548 Romanum
1487 3512 1567 3550 voca·

420 3584 528 3637 bulum:
551 3588 691 3637 urbanitas.
736 3581 772 3634 Et
789 3580 870 3634 video
893 3598 965 3633 nunc
989 3579 1142 3648 Hauptium
1165 3578 1284 3632 eandem
1306 3578 1472 3633 sententiam
1493 3580 1567 3634 tueri

419 3667 493 3721 laud.
514 3667 611 3735 Polyb.
624 3666 721 3720 XXIV.
736 3671 751 3719 5
769 3666 798 3719 et
816 3664 877 3719 aliis
895 3663 970 3718 locis.
1008 3663 1127 3717 Orellius
1145 3661 1243 3716 scribit
1259 3664 1401 3732 γοητείαν,

505 3758 520 3804 2
540 3751 658 3805 Orelh'us
676 3750 784 3804 mavult
802 3760 904 3819 quanto,
923 3748 1061 3817 Hauptius
1079 3759 1184 3817 quanto.

504 3843 520 3890 3
539 3834 605 3888 (lod.
624 3853 666 3903 pr.
686 3853 721 3888 m.
742 3843 835 3890 corur’u'.

503 3926 519 3973 4
537 3920 581 3973 Ita
599 3917 699 3974 Codex.

504 4013 520 4060 5
537 4005 582 4058 Ita
600 4003 700 4058 Codex.

505 4097 520 4143 6
540 4088 646 4143 Codex:
666 4094 790 4156 coepisse.

503 4180 518 4228 7
536 4174 638 4242 Incipit
656 4171 722 4226 Cori.
741 4173 804 4227 Vat.
825 4191 851 4241 p.
864 4177 919 4226 148.

503 4265 520 4313 8
539 4258 644 4313 Codex:
663 4263 786 4311 dilectum.

503 4349 518 4397 9
537 4341 603 4396 (lod.
623 4361 665 4412 pr.
685 4360 721 4394 nr.
746 4348 918 4411 eloquentiam.
959 4340 1096 4409 Loquitur
1117 4341 1221 4395 Fronto
1245 4341 1279 4395 de
1301 4357 1408 4409 nupera
1431 4341 1566 4409 oratione,

417 4445 503 4495 quam
520 4427 631 4480 Marcus
648 4425 677 4480 in
695 4427 794 4480 senatu
811 4425 958 4490 habuerat,
982 4426 1013 4477 ut
1031 4425 1239 4494 esequentibus
1257 4423 1383 4494 epistulis
1401 4424 1518 4490 constat,
1536 4426 1566 4479 in

417 4529 473 4580 qua
490 4510 687 4565 Parthicarum
704 4527 798 4565 rerum
816 4510 920 4565 mentio
939 4511 1039 4564 fuerat.
1070 4515 1164 4564 Maius.
1191 4510 1246 4563 Pro
1265 4514 1409 4564 ordinatior
1426 4509 1564 4578 Hauptius

417 4596 514 4649 scribit
532 4602 657 4651 ornatior.
