4142 5659
505 672 547 735 80
716 671 752 725 M.
768 670 938 725 CORNELII
955 671 1163 726 PRONTCNIS
1181 671 1439 727 EPISTULARUM

504 841 588 904 deis¹
612 843 734 926 gratias
758 864 829 926 ago.
874 842 920 906 Te
950 846 1074 907 eertum
1095 842 1208 926 habe0‚
1239 866 1312 908 cum
1339 847 1396 908 tua
1423 844 1575 908 instituta
1603 868 1652 909 re·

448 948 450 950 ’
502 933 593 1026 putoj
626 942 711 1007 haud
744 945 982 1027 perturbatum:
1012 936 1082 1029 ego,
1111 945 1288 1029 quamlibet
1308 959 1370 1010 'vos
1408 948 1571 1029 sapientes
1600 969 1652 1010 me

502 1045 685 1128 inrideatis,
718 1049 942 1110 consternatus
970 1047 1117 1130 equidem
1145 1069 1226 1111 sum.
1271 1045 1352 1111 Vale
1370 1047 1512 1111 Domine
1535 1049 1652 1112 dulcis-

503 1147 581 1209 sime
604 1150 637 1210 et
659 1147 725 1210 deis
749 1169 842 1211 curae
865 1151 942 1212 esto.
987 1148 1160 1212 Dominam
1178 1147 1297 1212 saluta.

864 1352 911 1418 X.
935 1352 991 1417 25.
1024 1351 1177 1417 Domino
1200 1352 1287 1417 Meo.

587 1486 682 1551 Modo
715 1487 794 1551 mihi
823 1487 1009 1552 Victorinus
1041 1488 1165 1551 indicat
1191 1487 1364 1551 Dominam
1397 1491 1488 1551 tuam
1505 1490 1530 1575 ll
1545 1491 1657 1574 magis!

504 1589 658 1653 caluisse3
689 1612 785 1673 quam
817 1589 897 1652 heri.
938 1588 1051 1652 Gratia
1083 1589 1203 1652 leviora
1231 1590 1339 1653 omnia
1361 1590 1544 1654 nuntiabat.
1578 1591 1651 1675 Ego

502 1694 535 1754 te
557 1691 675 1755 ideireo
696 1714 763 1755 non
785 1692 859 1775 vidi,
883 1691 967 1774 quod
990 1713 1028 1753 ex
1054 1690 1243 1774 gravidine⁴¹
1265 1712 1336 1753 sum
1357 1691 1537 1755 inbecillus
1572 1691 1651 1757 Cras

501 1795 610 1857 tamen
632 1816 727 1856 mane
750 1794 877 1857 domum
907 1794 946 1856 ad
968 1795 1000 1855 te
1023 1793 1161 1856 reniam.
1207 1791 1339 1875 Eadem,
1369 1792 1397 1855 si
1424 1795 1651 1877 tempestivom

502 1895 573 1976 erit,
599 1895 696 1958 etiam
718 1894 891 1958 Dominam
912 1894 1060 1958 visitabo.

824 2098 919 2164 ·ΧΙ..
935 2098 990 2163 26.
1026 2097 1198 2180 Magistro
1220 2097 1308 2163 Meo.

587 2233 694 2299 Caluit
716 2238 749 2299 et
770 2234 864 2298 hodie
886 2229 1058 2297 Faustina:
1085 2238 1119 2298 et
1140 2234 1268 2317 quidem
1289 2234 1322 2297 id
1346 2255 1406 2318 ego
1429 2234 1533 2319 magis
1555 2233 1650 2299 hodie

501 2339 609 2401 videor
636 2336 715 2399 mihi
744 2335 1020 2420 depraehendisse.
1068 2333 1130 2399 Sed
1163 2335 1229 2398 deis
1258 2336 1443 2398 iuvantibus
1468 2337 1650 2420 aequiorem

503 2441 644 2502 animum
666 2437 745 2501 mihi
767 2437 848 2500 facit
875 2438 955 2521 ipsa,
991 2437 1075 2520 quod
1108 2459 1142 2500 se
1169 2439 1237 2498 tam
1265 2437 1527 2520 obtemperanter
1555 2439 1649 2501 nobis

502 2539 729 2603 accommodat.
775 2539 834 2621 Tu,
864 2540 891 2601 si
918 2539 1077 2621 potuisses
1100 2538 1239 2619 seilicet,
1269 2532 1419 2601 venisses
1464 2538 1554 2613 Quod
1584 2540 1650 2602 iam
1694 2620 1698 2621 γ

501 2644 591 2725 potes
615 2645 647 2704 et
668 2640 751 2724 quod
772 2643 943 2703 venturum
965 2639 1137 2723 promittis,
1162 2639 1302 2701 delector
1325 2640 1369 2701 mi
1391 2640 1556 2723 magister.
1585 2640 1649 2704 Va-

502 2743 531 2805 le
555 2743 600 2805 mi
621 2741 848 2804 iucundissime
871 2740 1034 2824 magister.
1116 2782 1119 2785 -
1513 2750 1514 2753 ’

724 2917 761 2943 “’
843 2943 932 3010 xri.
955 2944 1011 3010 ar.
1045 2944 1197 3009 nomino
1219 2942 1306 3009 neo.

586 3080 748 3156 Quomodo
770 3081 936 3163 manseris,
961 3080 1109 3162 Domine,
1135 3079 1236 3142 sciref’
1265 3080 1367 3163 cupio
1392 3078 1464 3163 Ego
1488 3081 1649 3144 cervicum
1700 3120 1707 3131 ·

502 3183 609 3248 dolore
633 3187 779 3267 arreptus
802 3205 882 3246 sum.
907 3180 988 3246 Vale
1011 3181 1159 3244 Domine.
1204 3181 1376 3244 Dominam
1399 3181 1512 3245 saluta.

705 3403 815 3470 XIII.
839 3403 896 3468 28.
932 3404 956 3488 lss
973 3401 1146 3484 Magistro
1169 3402 1245 3468 IIeo
1269 3397 1444 3468 Salutem.

585 3540 722 3606 Noctem
750 3541 819 3602 sine
847 3538 930 3603 febri
958 3539 1067 3602 videor
1094 3539 1325 3603 transmisisse:
1350 3540 1456 3603 cibum
1477 3561 1543 3602 non
1565 3539 1647 3602 invi·

500 3646 553 3706 tus
577 3644 661 3725 cepi:
690 3662 777 3704 nuuc
804 3663 865 3724 ago
887 3640 1059 3704 levissime:
1088 3661 1154 3703 nox
1181 3641 1256 3723 quid
1277 3641 1371 3723 ferat,
1399 3662 1645 3724 cognoscemus.

449 3759 451 3764 '
503 3744 564 3808 Sed
591 3744 635 3806 mi
662 3743 832 3826 magister,
869 3742 1027 3806 cervicum
1056 3742 1162 3804 dolore
1195 3745 1228 3805 te
1256 3745 1421 3825 arreptum
1447 3764 1510 3825 quo
1538 3743 1646 3805 animo

502 3844 682 3926 didicerim,
725 3844 869 3927 profecto
914 3865 952 3907 ex
992 3847 1048 3906 tua
1085 3844 1231 3926 proxima
1264 3842 1478 3906 sollicitudine
1511 3843 1645 3907 metiris.

448 3934 450 3937 ⁵
501 3944 582 4010 Vale
603 3946 647 4008 mi
670 3941 897 4009 iucundissime
919 3945 1084 4029 magister.
1130 3945 1236 4007 Mater
1257 3966 1329 4007 mea
1350 3944 1470 4007 salutat
1492 3948 1535 4007 te.

588 4226 601 4271 l
621 4217 792 4288 Schopeuus:
813 4215 892 4281 Quod
910 4229 934 4270 re
952 4224 1046 4271 saluom
1065 4245 1095 4254 —
1114 4213 1295 4278 macelinuseis
1312 4222 1419 4284 gratias.

586 4311 601 4357 2
619 4303 719 4372 Incipit
738 4301 803 4356 Cod.
823 4301 886 4356 Vat.
905 4320 933 4371 p.
947 4308 988 4356 88.

586 4396 601 4443 3
621 4388 726 4441 Codex:
745 4393 869 4441 maluisse.
904 4385 994 4439 Maius
1013 4391 1129 4438 va'uisre.
1166 4385 1293 4439 Correxit
1311 4384 1479 4454 Sehopeuua

575 4479 602 4526 ’4
620 4474 663 4526 lta
681 4472 782 4526 Codex.

586 4564 601 4612 ὃ
618 4557 708 4611 Maius
724 4558 845 4625 legerat:
864 4561 938 4623 domi,
958 4562 1072 4609 neser're:
1090 4555 1162 4608 unde
1181 4555 1341 4624 Schopenus
1359 4560 1465 4611 rescire.
1506 4553 1647 4623 Hauptius

501 4643 628 4698 correxit.

586 4734 601 4782 6
620 4726 719 4796 [ncipit
738 4723 804 4779 Cod.
823 4723 886 4779 Vat.
906 4743 933 4794 p.
948 4731 988 4779 87.
1065 4713 1079 4738 ⁹
