4142 5659
519 696 583 760 234
812 715 814 721 ·
851 694 887 747 M.
910 693 1080 748 CORNELII
1100 690 1318 746 FRONTONIS.

519 887 675 930 caremus.
719 865 821 929 Istum
844 867 974 946 statum,
1004 885 1130 946 vocem,
1159 862 1312 945 formam,
1342 862 1504 926 animam¹
1531 863 1667 928 liberam

520 967 716 1051 quaerimus3
749 966 886 1031 faciem²
908 966 1133 1029 defunctorum
1160 964 1376 1028 miserandam
1403 985 1597 1049 maeremus,
1632 988 1667 1030 os

519 1070 711 1153 obseratum,
735 1069 843 1132 oculos
866 1089 1002 1150 eversos,
1027 1069 1166 1131 colorem
1188 1067 1328 1149 undique
1351 1066 1502 1130 deletum.
1543 1065 1578 1130 Si
1600 1090 1665 1131 ma-

519 1171 603 1235 xime
637 1193 705 1235 esse
738 1171 861 1234 animas
888 1169 1079 1233 immortalis
1114 1171 1254 1251 constet,
1290 1169 1352 1232 erit
1379 1167 1440 1233 hoc
1466 1168 1667 1252 philosophis

520 1273 695 1338 disserendi
717 1275 953 1358 argumentum,
977 1293 1043 1334 non
1059 1271 1246 1355 parentibus
1262 1270 1463 1334 desiderandi
1478 1271 1664 1336 remedium.

605 1374 668 1439 Sed
689 1378 861 1458 utcumque
884 1375 961 1437 sunt
983 1374 1048 1438 ista
1071 1373 1226 1436 divinitus
1249 1372 1408 1455 ordinata,
1432 1371 1512 1435 mihi
1537 1372 1666 1456 quidem

518 1477 707 1560 neutiquam
729 1477 888 1540 diutinam
910 1475 1058 1539 adferent
1085 1474 1343 1558 sollicitudinem,
1373 1474 1423 1538 cui
1445 1478 1514 1537 tam
1535 1476 1665 1558 propin-

519 1601 582 1662 qua
603 1600 698 1643 mora.
744 1575 819 1642 Sive
846 1578 881 1641 in
909 1580 1076 1641 aeternum
1104 1566 1355 1660 extinguimurss,
1384 1575 1461 1639 olim
1490 1577 1667 1661 cupientil4

519 1680 598 1743 mihi
626 1681 757 1744 tandem
785 1728 793 1743 .
819 1728 826 1742 .
850 1682 886 1742 tu
914 1679 1111 1743 acerbiora.
1136 1727 1143 1741 .
1167 1699 1270 1761 neque
1299 1677 1465 1760 arborum,
1495 1699 1632 1760 neque.
1658 1729 1664 1742 .

427 1854 430 1859 ,
519 1782 629 1846 eodem
657 1785 800 1865 tempore
831 1831 838 1845 .
865 1830 872 1845 .
905 1779 1023 1869 [h]eres
1056 1784 1130 1843 tuus
1165 1829 1172 1842 .
1199 1829 1206 1842 .
1241 1780 1282 1841 ad
1310 1779 1504 1842 vindemiam
1535 1829 1542 1842 .
1568 1829 1575 1843 .
1604 1780 1666 1844 isto

517 1887 661 1968 ternpore
691 1934 698 1947 .
724 1933 731 1947 .
761 1881 932 1969 aspe[rius]
960 1881 1090 1965 nequivi
1112 1901 1190 1963 prae
1212 1880 1291 1943 fletu
1319 1880 1390 1964 l⁵ac
1412 1879 1529 1943 dolore.
1575 1881 1665 1945 Meus

519 1987 616 2050 etiam
637 1986 703 2049 iam
725 1984 802 2048 hinc
823 1985 894 2046 me⁶
916 1982 1118 2047 dulcissimus
1140 1983 1270 2066 nep0s⁷‚
1295 2003 1390 2066 quem
1410 1984 1480 2065 ipse
1503 1982 1577 2046 sinu
1595 2006 1666 2047 meo

519 2088 628 2171 educo,
652 2087 706 2151 hic
729 2089 778 2150 cst
799 2085 953 2169 profecta,
977 2085 1032 2168 qui
1054 2107 1104 2148 ure
1126 2084 1231 2168 magis
1246 2085 1413 2168 magisque
1435 2083 1558 2148 lacerat
1579 2107 1666 2169 pror-

517 2211 571 2252 sus
594 2193 626 2253 ct
648 2188 819 2253 excruciat.
851 2187 998 2270 Namque
1021 2187 1057 2250 in
1079 2187 1174 2250 huius
1196 2186 1280 2249 facie
1302 2186 1394 2248 illum
1416 2187 1569 2249 amissum
1592 2209 1665 2251 con·

516 2291 665 2374 temptor,
690 2290 870 2374 exemplum
885 2291 949 2375 oris
970 2289 1142 2373 imaginor,
1166 2309 1280 2351 sonum
1295 2288 1382 2352 vocis
1404 2288 1540 2352 eundem
1557 2289 1665 2353 animo

517 2393 616 2476 fingo.
661 2391 756 2456 Hanc
779 2392 840 2455 sibi
863 2391 951 2454 dolor
972 2412 1062 2455 meus
1084 2391 1244 2474 picturam
1267 2393 1512 2454 commentatur.
1542 2389 1666 2454 Verum

517 2493 661 2557 defuncti
683 2493 805 2557 voltum
819 2493 989 2576 ignorans,
1014 2493 1090 2573 dum
1109 2491 1314 2555 verisimilem
1330 2491 1484 2575 coniect0,
1508 2514 1663 2557 maceror.

602 2593 712 2676 Sapiet
732 2615 805 2657 mea
826 2593 908 2657 filia:
931 2593 999 2658 viro
1022 2615 1079 2658 suo
1095 2595 1239 2658 omnium
1253 2596 1411 2677 quantum
1426 2597 1475 2657 cst
1497 2594 1664 2659 hominum

517 2696 638 2778 optimo
661 2695 879 2779 adquiescet⁸:
908 2696 935 2759 is
964 2718 1035 2760 eam
1063 2696 1282 2760 consolabitur
1309 2696 1431 2778 pariter
1452 2696 1663 2782 lacrimando,

516 2797 638 2880 pariter
665 2797 872 2881 suspirando,
908 2797 1087 2881 loquendo⁹
1116 2797 1238 2880 pariter
1265 2796 1513 2862 conticiscendo.
1560 2798 1665 2864 Senex

516 2920 576 2983 ego
596 2919 713 2982 parcns
728 2899 862 2984 indigne
879 2901 1081 2982 consolab013
1105 2900 1234 2983 dignius
1251 2899 1336 2963 enim
1351 2898 1437 2962 foret
1446 2899 1470 2939 ¹⁰
1491 2899 1598 2982 ipsum
1613 2923 1664 2965 me

516 3004 592 3065 ante
620 3001 734 3065 obisse.
780 3000 892 3085 Neque
920 3002 986 3065 ulla
1014 3005 1181 3085 poctarum
1212 3001 1355 3065 carmina
1384 3003 1441 3064 aut
1467 3001 1664 3085 sapientium

515 3105 686 3186 praecepta
707 3105 836 3166 tanturn
858 3104 1077 3186 promoverint
1106 3104 1146 3167 ad
1168 3103 1291 3167 luctum
1318 3102 1403 3166 filiae
1430 3124 1521 3167 meae
1551 3105 1664 3169 sedan-

515 3205 591 3267 dum
614 3207 646 3268 et
668 3205 808 3268 dolorem
830 3205 1025 3288 leniendum,
1051 3207 1207 3290 quantum
1221 3203 1331 3268 mariti
1345 3204 1440 3268 vox¹¹
1463 3227 1480 3268 e
1498 3188 1664 3272 carissimo

514 3307 643 3390 pectore
666 3305 732 3369 et¹²
753 3307 955 3371 iunctissimo
977 3307 1133 3390 profecta.

517 3429 720 3438 ----

600 3480 613 3527 1
633 3473 738 3528 Codex:
757 3495 853 3530 aurern.

599 3565 615 3612 2
634 3557 740 3612 Codex:
764 3565 851 3615 aciem.
887 3559 990 3614 Maius:
1007 3563 1109 3626 faciem.

598 3643 675 3698 3Ita
694 3642 795 3697 Codex.

598 3734 615 3781 4
633 3726 734 3795 Incipit
752 3726 819 3780 Cod.
838 3745 866 3796 p.
887 3731 944 3794 180,
962 3728 991 3781 in
1010 3744 1066 3795 qua
1083 3728 1218 3798 pleraque
1236 3727 1375 3783 interiere.

599 3817 615 3866 ὅ
632 3810 734 3879 Incipit
753 3810 819 3865 Cod.
837 3829 865 3880 p.
886 3817 943 3866 179.

599 3901 614 3950 6
632 3894 811 3949 Heindorfius
830 3895 959 3951 coniecit:
978 3901 1077 3952 hiemi.

598 3978 683 4033 rffie
701 3980 752 4048 est,
775 3981 807 4033 ut
829 3982 907 4049 putu,
928 3981 964 4036 M.
989 3981 1115 4036 Aufidius
1137 3981 1250 4048 Fronto,
1273 3982 1308 4036 dc
1331 4000 1386 4050 quo
1405 3984 1468 4039 vide
1490 4003 1583 4054 supra.
1619 3987 1660 4040 De

513 4064 612 4118 eodem
633 4064 758 4131 loquitur
780 4063 884 4118 Fronto
908 4067 937 4119 in
955 4066 1075 4136 epistula
1093 4066 1130 4120 ad
1146 4065 1321 4121 Victorinum
1339 4068 1375 4121 ad
1394 4086 1447 4123 am.
1468 4076 1491 4123 1.
1513 4076 1553 4123 16.
1589 4071 1661 4124 Eun—

513 4149 577 4203 dem
599 4148 719 4217 intelligi
742 4148 842 4218 opinor
866 4150 935 4204 aM.
955 4151 1069 4204 Aurelio
1093 4150 1222 4219 quotiens
1244 4151 1340 4206 scribit
1363 4153 1399 4207 ad
1421 4152 1592 4209 Frontonem
1610 4159 1661 4208 Ne-

510 4245 595 4302 potem
612 4240 705 4290 ruluta.
741 4237 836 4288 Maius.
872 4233 1049 4302 Niebuhrius‚
1068 4237 1100 4288 ut
1118 4235 1183 4302 dixi,
1200 4253 1256 4290 non
1274 4236 1437 4291 adsentitur.

597 4323 613 4371 8
631 4316 712 4371 Cod:
731 4323 881 4388 adquiescit.

597 4401 747 4476 9Scripsit
774 4403 873 4472 opinor
896 4409 1001 4472 pariter
1026 4410 1169 4473 loquendo,
1197 4411 1300 4474 pariter
1331 4412 1527 4463 contancendo.
1572 4407 1659 4463 Paulo

512 4487 593 4542 aliter
610 4485 795 4540 Heindorfius.

579 4578 611 4626 10
628 4571 733 4625 Iterum
750 4571 846 4626 malim
860 4577 958 4640 suerat.
993 4576 1170 4640 Heindorfius.

580 4661 610 4709 ll
632 4653 709 4709 Codz
728 4675 804 4712 texor.

579 4745 610 4797 12
630 4738 710 4794 Cod.:
729 4751 754 4793 et
769 4751 885 4808 pectore.
920 4740 980 4795 Nisi
997 4739 1098 4794 mavis:
1117 4760 1164 4795 ore
1181 4752 1207 4795 et
1222 4753 1337 4810 pectore.
