4142 5659
561 652 621 715 176
775 651 812 703 Μ.
826 648 994 704 CORNELII
1011 647 1219 703 FRONTONIS
1237 647 1494 702 EPISTULARUM

558 820 673 904 Frugi,
702 819 837 902 probus,
861 818 1096 904 philostorgus,
1121 820 1210 883 cuius
1233 819 1278 882 rei
1300 839 1417 882 nomen
1440 817 1705 901 aputltomanos

558 922 683 985 nullum
710 925 760 985 est
789 970 797 985 .
829 971 835 984 .
863 971 869 984 .
896 972 902 984 .
929 967 946 1001 ‚q
962 969 1702 984 .......................

561 1073 567 1086 .
594 1024 631 1107 ,11
661 1074 667 1087 .
694 1073 700 1086 .
728 1073 734 1086 .
780 1022 1021 1086 Facundissimo
1044 1023 1203 1103 omnium,
1231 1044 1311 1105 quae
1334 1026 1391 1085 tua
1412 1023 1565 1086 nobilitas
1588 1026 1638 1086 est
1662 1073 1670 1086 .
1696 1073 1703 1086 .

561 1173 758 1187 .......
776 1145 872 1208 aegre
895 1124 1093 1187 abstractum
1116 1123 1326 1187 contubernio
1348 1145 1434 1204 meo,
1458 1125 1543 1207 quod
1564 1124 1705 1207 pectoris

557 1225 740 1289 valetudine
764 1228 927 1308 correptus
950 1227 1050 1289 levari
1069 1233 1126 1290 isto
1145 1224 1236 1288 ‘caelo
1258 1247 1351 1308 posse
1372 1232 1431 1290 sibi
1450 1246 1637 1309 magnopere
1661 1227 1706 1289 vi-

558 1326 685 1409 deatur3
708 1328 791 1411 quod
812 1331 850 1390 ut
871 1328 929 1391 fiat
950 1331 1036 1410 opto.
1084 1326 1184 1391 Cum²
1200 1348 1272 1390 eum
1294 1328 1380 1390 inter
1402 1328 1612 1410 paucissimos
1635 1327 1705 1390 dili-

558 1450 649 1513 gam,
679 1429 732 1492 fac
753 1428 832 1491 mihi
857 1451 933 1512 cape
959 1479 965 1492 .
992 1429 1020 1492 .³
1043 1450 1115 1492 eum
1137 1431 1340 1512 praesentem
1363 1429 1518 1512 accipias,
1543 1432 1576 1493 et
1598 1431 1705 1513 propi-

559 1531 625 1594 cia⁴
651 1581 657 1594 .
684 1581 691 1594 .
715 1532 805 1594 iuxta
830 1581 836 1593 .
864 1581 870 1593 .
894 1531 1030 1594 salutem
1055 1580 1060 1593 .
1088 1581 1094 1593 .
1120 1532 1237 1614 cupio.
1264 1581 1271 1594 .
1295 1531 1342 1593 ita
1364 1534 1538 1615 generatus
1561 1533 1634 1594 est.
1663 1581 1670 1593 .
1697 1581 1704 1594 .

760 1801 855 1866 ΙΙΙΙ.
900 1800 1091 1886 Accr[ilio⁵
1114 1801 1299 1885 Pl]ariano
1323 1800 1499 1868 Salutem.

642 1937 759 2001 Iulium
774 1937 963 2021 Aquilinum
971 1938 992 2018 ⁶,
1018 1937 1136 2018 virum,
1161 1937 1265 2021 siquid
1280 1939 1360 2001 mihi
1377 1939 1495 2018 credis,
1519 1937 1705 2023 (1011111711-

557 2061 655 2121 mum,
678 2039 953 2121 facundissimum,
970 2037 1193 2122 philosophiae
1208 2039 1386 2122 disciplinis
1403 2040 1443 2102 ad
1458 2039 1596 2122 optimas
1612 2040 1703 2122 artis,

558 2140 759 2224 eloquentiae
782 2141 896 2204 studiis
919 2141 959 2203 ad
981 2141 1147 2224 egregiam
1168 2140 1512 2204 111111111111111118
1529 2141 1703 2221 eruditum,

559 2242 744 2306 commendo
765 2242 826 2304 tibi
848 2264 944 2325 quam
973 2263 1102 2324 possum
1125 2242 1364 2305 studiosissime.
1409 2241 1511 2305 Decet
1534 2265 1553 2304 a
1574 2244 1608 2305 te
1630 2263 1704 2326 gra-

557 2345 686 2407 vissimo
709 2347 741 2407 et
763 2342 1000 2426 sapientissimo
1022 2343 1091 2407 viro
1113 2346 1180 2406 tam
1208 2343 1337 2406 doctum
1364 2345 1494 2426 tamque
1521 2343 1704 2427 elegantem

557 2446 661 2509 virum
682 2466 749 2508 non
770 2444 864 2507 modo
886 2445 1014 2527 protegi
1037 2444 1093 2507 sed
1116 2445 1214 2508 etiam
1236 2445 1369 2529 provehi
1385 2447 1418 2508 et
1434 2444 1610 2507 inlustrari.
1643 2443 1705 2507 Est

558 2547 666 2628 etiam,
691 2545 796 2629 siquid
818 2544 899 2607 mihi
922 2546 1045 2628 credes,
1078 2545 1251 2629 Aquilinus
1274 2546 1428 2610 eiusmodi
1450 2547 1515 2628 vir,
1539 2549 1576 2608 ut
1598 2548 1633 2608 in
1655 2545 1703 2608 tui

558 2646 756 2710 ornamentis
785 2643 897 2732 aelque
927 2645 975 2731 ac]
1005 2648 1109 2720 nostri
1142 2648 1256 2711 merito
1283 2648 1501 2711 numerandus
1529 2637 1582 2709 sit.
1628 2646 1703 2710 Non

558 2748 720 2811 dubitabis
735 2748 782 2810 ita
799 2769 866 2811 esse
881 2751 918 2810 ut
940 2749 1026 2830 dico,
1052 2749 1078 2811 si
1094 2771 1165 2812 eum
1183 2749 1292 2812 audire
1316 2748 1560 2836 [dispultantem
1576 2748 1615 2811 de
1631 2747 1703 2811 Pla-

557 2849 674 2915 tonicis
697 2848 875 2933 disciplinis
891 2849 1044 2933 dignatus
1066 2851 1175 2913 fueris,
1207 2849 1384 2933 Perspicies
1405 2872 1463 2933 pro
1485 2840 1543 2913 tua
1564 2851 1702 2933 pruden-

556 2950 603 3013 tia
623 2950 903 3035 intelligentiaque
925 2972 1048 3014 summa
1067 2951 1239 3015 1111011119
1257 2952 1355 3034 fama,
1379 2951 1702 3015 luculentissimum¹⁰

557 3052 725 3115 verborum
741 3056 897 3135 apparatu
905 3065 928 3134 ἃ,
941 3053 1082 3116 maxima
1096 3053 1311 3136 frequentia¹¹
1328 3053 1572 3116 sententiarum.
1601 3052 1702 3129 Quom

641 3324 659 3361 1
676 3312 710 3360 Ia
727 3313 851 3375 margine:
869 3306 942 3360 Laus
960 3306 1091 3373 Aquilini.

643 3519 655 3564 1
676 3510 806 3580 Sequitur
828 3528 855 3579 p.
876 3517 939 3576 333,
960 3509 989 3562 in
1012 3525 1067 3575 qua
1089 3508 1172 3563 hodie
1194 3508 1234 3563 nil
1255 3510 1359 3579 legitur
1382 3510 1495 3580 praeter
1516 3510 1566 3564 illa
1583 3513 1613 3563 in
1630 3527 1700 3564 mar·

557 3587 633 3664 gine:
652 3600 843 3650 Facundissimo
864 3623 890 3632 -
913 3598 1032 3648 nobilitas
1050 3604 1096 3647 est.
1124 3592 1200 3657 Quae
1217 3593 1307 3647 Maius
1324 3596 1473 3663 praeterea
1490 3593 1568 3663 legit,
1587 3597 1651 3648 sunt
1669 3611 1700 3647 ex

557 3680 647 3734 altera
665 3680 801 3733 columna.

641 3771 656 3817 2
674 3764 718 3816 Ita
734 3762 832 3829 Maius,
850 3763 897 3829 qui
914 3764 1009 3816 tamen
1027 3763 1080 3816 sibi
1098 3761 1245 3816 videbatur
1262 3763 1357 3831 legere
1375 3767 1463 3816 Exim.

550 3917 555 3920 Ὗ
641 3855 656 3901 3
676 3846 778 3916 Supple
796 3864 900 3916 paucas
916 3847 1032 3901 litteras.
1479 3861 1483 3867 ·

640 3938 657 3984 4
674 3930 744 3984 Exin
763 3934 909 4001 supersunt
927 3949 1014 4000 usque
1033 3933 1170 3985 adfinem
1188 3931 1323 4001 epistulae
1336 3948 1430 3985 versus
1442 3931 1489 3996 IX,
1508 3947 1627 3999 quorum
1645 3947 1699 3984 non

556 4016 609 4069 nisi
625 4016 712 4071 verba
729 4016 873 4083 sequentia
890 4017 1028 4086 leguntur.
1229 4015 1231 4017 ’

641 4107 656 4154 5
673 4100 715 4154 Ι)1
732 4101 786 4154 hoc
802 4101 914 4154 nomine
931 4101 994 4155 vide
1013 4102 1050 4155 ad
1067 4101 1198 4155 Indicam.

641 4190 656 4237 6
675 4185 774 4238 Iulium
792 4186 932 4252 quendam
943 4185 1105 4252 Aquilinum
1116 4187 1234 4254 legimus
1250 4185 1279 4238 in
1296 4184 1476 4253 inscriptione
1494 4186 1609 4254 reperta
1626 4185 1699 4240 haud

555 4271 652 4338 procul
670 4269 805 4337 Aquileia.
843 4270 953 4325 Gruter.
974 4275 1030 4324 115.
1051 4277 1074 4323 7.
1110 4270 1243 4324 Murator.
1263 4275 1321 4325 888.
1341 4275 1364 4323 6.
1401 4275 1497 4325 Maius.

641 4360 656 4407 i
674 4339 795 4423 Eiplieit
813 4354 959 4422 quaternio
977 4354 1088 4407 1111111.
1124 4355 1225 4423 incipit
1242 4354 1308 4408 ooo.
1327 4373 1354 4424 p.
1374 4361 1432 4410 101.

641 4443 657 4492 8
674 4439 853 4492 Niebuhrius:
873 4445 972 4493 eximie.
1010 4438 1184 4507 Schopenus:
1203 4459 1239 4493 ex
1256 4451 1378 4508 tempore.

641 4530 656 4577 9
675 4523 780 4577 Codex:
799 4531 926 4578 minorem.
963 4522 1129 4576 Coniectura
1147 4525 1190 4576 est
1206 4523 1366 4577 Heindorfii.

625 4614 656 4662 10
674 4607 846 4677 Schopenus:
870 4614 1071 4662 luculentissimo.

626 4701 655 4745 ll
675 4693 779 4746 Codex:
796 4698 975 4761 frequentium.
