4142 5659
523 656 721 711 ADVERUM
738 655 859 711 IMPRR.
875 656 1068 714 ‚AURELIUM
1086 655 1279 712 CAESAREM
1295 658 1403 712 LIBER
1420 659 1455 712 ΙΙ.
1503 659 1561 724 127

417 825 529 911 s(tros)
550 875 583 890 ..
608 827 659 890 vel
681 827 765 910 quod
781 825 955 890 Sohaemo¹
981 827 1088 910 potius
1111 850 1206 911 quam
1224 827 1410 912 Vologaeso
1425 850 1563 912 regnum

418 928 592 991 Armeniae
625 928 797 1011 dedisset²3
836 931 893 991 aut
925 929 1008 1012 quod
1042 928 1200 993 Pacorum
1231 951 1331 1013 regno
1369 929 1561 1013 privasset³;

417 1049 525 1092 nonne
554 1029 699 1093 oratione
725 1030 903 1094 huiusmodi
932 1029 1155 1113 explicarent?
1204 1030 1248 1093 Et
1275 1031 1389 1094 dedere
1416 1053 1494 1093 num
1519 1080 1525 1093 .
1553 1080 1560 1094 .
1624 1012 1628 1024 ⁵

417 1130 571 1194 minore.
598 1181 604 1194 .
628 1130 713 1194 bello
739 1131 806 1195 in.
832 1180 839 1194 .
863 1131 958 1195 dere
984 1181 990 1194 .
1017 1181 1023 1194 .
1048 1153 1179 1215 operam
1206 1135 1372 1215 gestantes
1398 1181 1404 1194 .
1431 1182 1438 1194 .
1463 1131 1561 1195 scrib·

419 1233 468 1293 tae
493 1281 634 1294 .....
662 1232 687 1312 ll
710 1231 876 1296 Summum
897 1233 1099 1314 eloquentiae
1121 1253 1224 1316 genus
1240 1236 1289 1296 est
1310 1233 1349 1297 de
1371 1233 1561 1296 sublimibus

418 1333 604 1416 magnifice,
633 1333 672 1396 de
700 1334 900 1397 tenuioribus
926 1332 1098 1416 frugaliter
1120 1332 1225 1396 dicere
1250 1383 1558 1399 ..........
1561 1367 1568 1378 ·

422 1483 592 1498 ......
619 1433 1557 1518 l5.....‚sohtatim........·........

422 1532 1559 1620 ll..‚egohaere.vioum..ubi..eosaput..rum..a

420 1635 485 1699 belo
511 1687 516 1698 .
545 1686 551 1698 .
576 1637 624 1700 vis
645 1658 664 1700 o
687 1687 692 1700 .
718 1687 724 1700 .
752 1659 856 1720 neque
878 1637 977 1700 officii
999 1634 1122 1700 obses.
1145 1659 1241 1720 quam
1268 1636 1523 1721 philosopham.
1550 1687 1556 1701 .

419 1736 559 1800 concioni
582 1741 673 1821 potes
695 1739 730 1802 in
752 1738 814 1801 isto
837 1760 897 1820 que
923 1788 929 1800 .
957 1788 963 1800 .
989 1736 1085 1801 altius
1107 1760 1172 1801 non
1198 1787 1204 1800 .
1231 1788 1237 1800 .
1270 1760 1325 1801 cae
1349 1786 1357 1802 .
1383 1788 1390 1801 .
1414 1738 1490 1802 here
1515 1787 1522 1801 .
1549 1787 1555 1800 .

419 1837 493 1900 nihil
520 1888 526 1901 .
554 1888 561 1901 .
586 1841 643 1902 ent
666 1889 673 1902 .
700 1842 854 1904 ,coercet
878 1889 885 1902 .
911 1889 917 1901 .
943 1839 1071 1921 quidem
1095 1888 1102 1901 .
1129 1888 1135 1902 .
1160 1840 1296 1922 sumpsit
1318 1861 1351 1903 se
1376 1889 1382 1901 .
1409 1888 1415 1900 .
1439 1839 1556 1903 valeat.

418 1936 500 2002 Hinc
522 1961 605 2022 quae
628 1989 634 2002 .
654 1990 660 2003 .
684 1941 829 2004 minusve
852 1990 859 2004 .
887 1990 894 2003 .
918 1943 955 2003 ut
976 1939 1135 2022 principio
1157 1940 1405 2022 increpandum3
1427 1943 1465 2003 ut
1485 1944 1558 2023 post

418 2040 574 2125 principia
591 2063 638 2105 ·or
667 2092 673 2104 .
701 2092 707 2105 .
733 2042 882 2105 candoe.
908 2041 1026 2106 candos
1054 2041 1109 2104 ubi
1136 2042 1256 2124 gradus
1286 2091 1293 2104 .
1320 2091 1326 2105 .
1355 2041 1410 2104 ubi
1433 2063 1492 2125 gra
1516 2091 1522 2104 .
1548 2090 1556 2106 .

418 2139 549 2205 habenis
572 2141 756 2226 eloquentia
776 2164 834 2226 per
859 2193 864 2206 .
885 2193 891 2206 .
916 2143 1001 2206 dum.
1033 2141 1197 2216 Quando.
1222 2192 1228 2204 .
1253 2142 1363 2206 Etiam
1377 2141 1556 2225 Viriathus,
1665 2157 1668 2164 '

418 2243 511 2305 etiam
526 2241 701 2326 Spartacus
723 2244 800 2308 belli
822 2245 960 2308 scientes
984 2247 1016 2307 et
1037 2266 1136 2306 manu
1157 2244 1298 2327 prompti
1315 2244 1456 2307 fuerunt.
1495 2241 1558 2306 Sed

418 2345 498 2407 enim
520 2366 631 2408 omnes
653 2346 817 2410 universos
840 2345 1029 2429 quicumque
1052 2347 1125 2429 post
1147 2343 1284 2408 Romam
1305 2345 1467 2427 conditam
1488 2366 1557 2408 ora·
1618 2338 1620 2340 ’

417 2447 496 2508 tores
519 2445 712 2528 extiterunt,
736 2446 808 2510 illos
831 2447 944 2529 etiam,
972 2467 1050 2530 quos
1072 2446 1108 2509 in
1130 2449 1254 2510 oratore
1277 2445 1387 2510 Cicero
1410 2447 1556 2530 eloquen-

416 2546 476 2608 tiae
500 2547 650 2609 civitate⁷
672 2548 835 2631 gregatim
850 2547 991 2629 donavit,
1015 2548 1043 2611 si
1065 2569 1233 2612 numerare
1248 2547 1338 2631 velis,
1361 2546 1415 2612 vix
1434 2550 1557 2612 trecen-

416 2649 517 2709 torum
539 2669 708 2713 numerum
731 2648 910 2733 conplebis3
939 2649 1058 2732 quom8
1086 2671 1124 2712 ex
1151 2671 1217 2713 una
1238 2649 1411 2713 Fabiorum
1432 2648 1557 2712 familia

416 2748 548 2812 trecenti
569 2749 689 2813 milites
710 2749 878 2815 fortissimi
900 2772 958 2833 pro
980 2751 1087 2834 patria
1107 2751 1298 2815 dimicantes
1318 2772 1384 2815 uno
1399 2750 1450 2814 die
1465 2770 1556 2814 occu-

333 2917 339 2921 ,
416 2848 570 2912 buerint³.
607 2848 703 2914 Non⁹
725 2852 872 2935 gentium
893 2852 1006 2915 milia.
1026 2902 1032 2915 .
1051 2853 1110 2915 sub
1130 2852 1291 2936 pellibus,
1311 2874 1436 2916 .unum
1458 2852 1557 2915 etiam

495 3084 513 3123 a
532 3073 566 3121 In
585 3075 712 3136 morpine:
730 3070 771 3123 Ex
788 3088 844 3125 una
861 3101 894 3110 -
912 3087 965 3125 uno
984 3071 1028 3125 die
1048 3071 1244 3126 occubuerunt.

495 3255 697 3311 lNiebuhrius
716 3257 841 3311 conferre
859 3256 937 3311 iubet
954 3257 1065 3311 Eekhel.
1085 3256 1145 3310 Vll.
1165 3262 1206 3310 91.

494 3347 510 3394 2
530 3339 733 3394 cf.1amb1ich.
759 3358 803 3410 ap.
822 3340 953 3395 Photium
971 3341 1031 3396 eod.
1051 3347 1097 3407 94,
1120 3355 1246 3394 necnon
1266 3339 1365 3394 Suidas
1383 3358 1408 3394 v.
1429 3341 1554 3408 Μάρτιος

414 3428 509 3494 Βῆροε.
544 3429 641 3480 Mutua
831 3494 833 3498 Ι

494 3517 510 3565 3
528 3509 646 3563 Videtur
658 3508 788 3563 Aurelius
800 3509 846 3563 ille
858 3511 979 3565 Pacorus
997 3527 1046 3564 rex
1063 3508 1212 3564 Armeniae
1231 3525 1363 3578 magnae,
1386 3527 1449 3564 cum
1466 3509 1554 3563 fratre

305 3653 314 3660 ,
411 3592 546 3648 Meridate
565 3588 665 3648 deinde
681 3593 788 3648 Romae
806 3597 925 3662 mortuo,
946 3595 1022 3648 euius
1040 3594 1250 3663 inscriptionem
1268 3594 1460 3662 gruterianam
1479 3600 1552 3648 1091.

414 3685 443 3733 10
461 3678 558 3733 citavit
575 3676 755 3744 Niebuhrius3
783 3677 849 3744 quia
872 3678 977 3732 sedicet
999 3678 1105 3733 Aurelii
1126 3695 1229 3732 nomen
1252 3679 1321 3732 satis
1343 3678 1449 3733 indicat
1470 3678 1554 3731 trisse

412 3779 472 3817 eum
491 3762 619 3817 divorum
635 3763 766 3816 Fratrum
784 3762 924 3817 clientem:
943 3779 961 3816 a
978 3762 1078 3830 quibus
1090 3763 1224 3816 Armenia
1236 3780 1298 3817 oum
1314 3764 1403 3817 fratre
1421 3762 1553 3817 excedere

411 3847 570 3914 Romaeque
592 3846 684 3900 vivere
708 3848 820 3900 coactus
841 3847 925 3900 fuisse
947 3846 1066 3901 videtur.
1104 3847 1161 3902 Sed
1187 3847 1261 3902 enim
1283 3849 1313 3902 et
1334 3848 1456 3901 Pacorus
1474 3847 1554 3901 Laris

411 3947 457 3984 rex
475 3931 558 3985 datus
576 3947 594 3983 a
610 3930 660 3983 Pio
679 3932 850 3985 memoratur
868 3930 943 4000 apud
962 3929 1110 4001 Capitolin.
1131 3948 1153 3985 o.
1173 3938 1197 3985 9.
1236 3937 1329 3985 Maius.
1394 3956 1401 3963 ⁷

475 4077 478 4088 Ι
493 4022 510 4069 4
529 4014 659 4081 Sequitur
672 4013 738 4068 Cod.
753 4015 879 4068 Ambros.
893 4033 921 4084 p.
935 4022 993 4082 407,
1012 4015 1042 4070 in
1061 4034 1117 4084 qua
1134 4016 1204 4070 haec
1216 4017 1275 4070 sola
1293 4016 1433 4070 sententia
1450 4015 1554 4084 legitur

410 4098 438 4152 in
454 4099 589 4168 margine,
608 4098 725 4153 ductae
745 4098 799 4152 Cic.
819 4098 895 4153 Orat.
917 4106 957 4155 99.
980 4137 983 4142 -
1456 4140 1459 4147 .

492 4190 508 4239 5
527 4182 658 4252 Sequitur
671 4181 737 4237 (lod.
751 4184 879 4237 Ambros.
894 4203 922 4252 p.
936 4190 998 4251 406,
1018 4185 1145 4251 evanida,
1164 4184 1277 4252 praeter
1293 4182 1403 4238 unicam
1415 4199 1512 4237 vocem
1523 4183 1553 4236 in
1649 4219 1651 4222 -

410 4285 542 4338 margine.
1540 4289 1542 4291 ’

493 4359 508 4406 6
527 4352 658 4420 Sequitur
676 4351 742 4406 Ood.
762 4353 890 4407 Ambros.
909 4373 937 4423 p.
955 4359 1018 4420 405,
1037 4354 1113 4408 cuius
1131 4353 1249 4408 alteram
1269 4352 1438 4406 columnam:
1467 4355 1552 4405 Etiam

414 4440 544 4491 Viriathus
562 4438 687 4491 conferre
704 4433 790 4490 licuit.

493 4527 508 4575 '1
527 4520 568 4577 Of.
587 4520 674 4575 Attici
691 4522 779 4575 verba
795 4521 824 4574 in
842 4523 919 4576 Brut.
940 4528 981 4577 69.
1020 4528 1194 4592 Heindorfius.

492 4611 508 4658 8
527 4605 633 4660 Codex:
654 4612 729 4675 quod.
912 4620 915 4625 ’

492 4695 507 4742 9
526 4687 640 4758 Septem
657 4689 748 4743 ultimi
766 4707 860 4744 versus
880 4692 1002 4761 fugaces.
