4142 5659
474 645 537 691 vlu
907 624 1186 678 PROLEGOMENA.

473 801 548 864 dum
564 798 695 864 venenis
710 821 786 862 usus
801 797 844 861 sit
865 819 979 879 parum
1001 797 1133 860 idoneis.
1165 795 1252 859 Hinc
1267 798 1388 860 l'actmn
1405 800 1463 878 est,
1481 799 1517 860 ut
1531 819 1619 860 nunc

474 902 643 985 pleraeque
665 901 805 984 paginae
825 899 941 982 nigrae
963 900 1069 961 factae
1093 897 1174 979 sint,
1209 921 1290 981 quae
1312 921 1415 981 neque
1437 898 1531 961 hodie
1553 897 1618 981 legi

474 1006 609 1087 possunt
631 1025 735 1086 neque
757 1023 908 1084 umquam
929 1002 1093 1082 poterunt.
1139 999 1201 1064 Sed
1223 999 1302 1063 Maii
1325 1022 1448 1084 quoque
1475 1002 1618 1083 tempore
1707 1015 1713 1024 ‘

475 1105 645 1169 lectionem
668 1104 746 1166 satis
769 1102 934 1166 difficilem
948 1102 1059 1184 fuisse,
1084 1124 1123 1165 ex
1137 1102 1265 1165 indiciis
1288 1101 1478 1186 quibusdam
1501 1102 1618 1183 cilicie,

475 1207 560 1270 inter
582 1227 663 1289 quae
686 1208 718 1268 et
740 1204 819 1268 illud
841 1208 904 1287 est,
936 1226 1008 1268 eum
1035 1204 1101 1267 vix*
1116 1203 1166 1267 bis
1187 1206 1276 1268 terve
1298 1204 1415 1267 vidisse
1438 1203 1620 1287 quaternio-

475 1330 553 1372 num
586 1309 680 1370 notas
687 1357 696 1389 ,
732 1328 813 1391 quae
844 1307 879 1369 in
913 1304 1074 1369 Vaticano
1108 1286 1221 1369 codice
1248 1328 1424 1390 numquam
1457 1305 1619 1369 deficiunt.

476 1408 545 1473 Has
569 1411 654 1473 certe
677 1410 703 1471 si
726 1407 872 1490 vidisset,
901 1429 968 1471 non
995 1405 1193 1490 neglexisset
1222 1406 1372 1491 adhibere
1402 1408 1441 1472 ad
1473 1407 1622 1470 foliorum

475 1511 620 1575 ordinem
642 1510 886 1574 restituendum.

561 1612 625 1676 Hic
647 1612 818 1676 dicendum
841 1613 889 1674 est
912 1611 950 1673 de
974 1610 1154 1674 admirabili
1177 1611 1312 1693 ratione,
1337 1634 1433 1695 quam
1455 1610 1560 1674 Maius
1575 1632 1622 1674 se-

478 1718 569 1779 cutus
592 1714 696 1778 estin
719 1713 935 1796 palimpsestis
957 1712 1113 1796 legendis.
1146 1711 1285 1796 Scilicet,
1309 1713 1393 1796 quod
1414 1735 1508 1776 nemo
1530 1712 1621 1796 igno-

477 1820 543 1899 rat,
573 1817 628 1900 qui
656 1836 808 1899 umquam
835 1815 1006 1897 rescriptos
1030 1814 1154 1878 codices
1177 1815 1330 1878 tractavit
1351 1837 1455 1899 neque
1477 1815 1524 1878 rei
1545 1814 1623 1877 ima-

478 1920 588 2003 ginem
611 1917 671 1981 sibi
694 1917 791 2000 fingit
812 1939 851 1980 ex
872 1916 991 1979 tabulis
1013 1915 1270 2000 lithographicis‚
1294 1938 1385 1999 quae,
1411 1939 1483 1981 cum
1505 1919 1624 1979 utram-

479 2043 540 2104 que
563 2020 755 2102 scripturam
771 2019 927 2100 referunt‚
951 2019 1061 2081 tamen
1077 2039 1143 2080 non
1159 2019 1256 2081 nimis
1271 2018 1357 2082 lectu
1373 2018 1520 2082 difficiles
1536 2020 1623 2100 sunt,

481 2123 615 2185 arduum
642 2121 810 2203 negotium
833 2121 882 2182 est
911 2128 943 2181 et
975 2140 1150 2207 paucorum
1177 2118 1361 2203 hominum,
1395 2121 1468 2184 illas
1501 2123 1624 2184 veteres

480 2223 682 2287 membranas
710 2225 796 2284 recte
830 2220 951 2317 legera
993 2220 1122 2284 Ceteros
1151 2220 1249 2284 libros
1277 2222 1414 2306 legimus
1442 2225 1479 2285 ut
1507 2221 1624 2285 intelli·
1697 2205 1705 2217 x

480 2347 609 2411 gamus:
638 2325 673 2387 in
703 2322 912 2406 palimpsesto
935 2322 1043 2386 codice
1066 2344 1161 2405 saepe
1189 2344 1268 2405 opus
1292 2328 1341 2387 cst
1362 2328 1399 2387 ut
1420 2325 1509 2407 prius
1531 2322 1627 2386 intel·

480 2426 595 2491 lexeris
619 2447 657 2488 ex
681 2424 921 2488 accuratissima
944 2424 1099 2487 sermonis
1122 2424 1256 2506 notitia,
1286 2427 1362 2508 quid
1391 2426 1528 2508 scriptor
1550 2425 1625 2487 dare

482 2529 659 2593 debuisset:
683 2529 752 2589 tum
772 2526 899 2588 demum
914 2525 1096 2589 litterarum
1111 2527 1225 2588 tenues
1235 2527 1349 2613 apices
1365 2528 1456 2610 quasi
1478 2528 1513 2589 in
1536 2547 1626 2589 voca-

481 2629 557 2693 bula
581 2630 697 2692 coeunt
720 2630 753 2690 et
774 2627 878 2690 lucem
900 2628 1062 2710 vitamque
1086 2627 1259 2710 accipiunt.
1305 2628 1391 2692 Olim
1413 2628 1556 2711 quidem,
1580 2649 1626 2690 rc-

483 2731 630 2795 centibus
650 2729 802 2810 maenia,
827 2750 878 2791 res
902 2729 997 2812 paulo
1021 2729 1147 2793 facilior
1171 2733 1240 2792 erat
1264 2752 1360 2813 quam
1377 2730 1470 2793 nobis
1489 2730 1625 2810 videtur,

483 2832 538 2897 sed
549 2835 660 2895 tamen
677 2831 753 2914 quid
764 2830 892 2893 Maius?
915 2830 1005 2905 Quod
1016 2831 1078 2914 ipsi
1095 2853 1218 2894 summo
1233 2831 1301 2894 viro
1317 2832 1434 2895 diserte
1450 2831 1628 2894 affirmanti

482 2936 536 2999 vix
561 2935 686 3016 credaS,
717 2955 788 2996 cum
817 2933 918 2997 doctis
948 2933 1086 3017 vigilans
1115 2934 1228 2997 studiis
1251 2956 1309 2996 sua
1330 2936 1476 3016 tempora
1497 2936 1626 3014 tereret,

484 3041 520 3101 ut
557 3037 592 3099 in
625 3037 692 3098 eius
726 3038 933 3098 monumento
966 3038 1015 3098 est
1027 3085 1035 3117 ,
1073 3035 1189 3098 codicis
1225 3035 1429 3113 Ambrosiam
1462 3035 1629 3118 negotimn

450 3213 452 3219 .
484 3137 649 3201 mandavit
672 3139 860 3200 amanuensi
885 3136 1024 3200 cuidam!
1063 3138 1178 3200 Postea
1201 3138 1337 3202 Romam
1359 3133 1532 3220 profectus,
1557 3158 1629 3199 cum

484 3261 601 3303 novam
623 3238 796 3302 editionem
819 3239 1004 3321 adornaret,
1029 3239 1135 3301 Maius
1158 3262 1252 3322 saepe
1275 3240 1405 3321 scripsit
1427 3238 1467 3302 ad
1489 3237 1630 3302 sodalem

483 3340 615 3405 Petrum
631 3339 898 3421 Mazzuchellum,
923 3343 959 3403 ut
980 3341 1120 3404 codicem
1142 3341 1326 3423 inspiceret,
1351 3341 1406 3404 sed
1429 3363 1500 3404 cum
1522 3341 1631 3404 fructu

474 3443 610 3527 exigue.
954 3503 960 3512 .

569 3543 785 3608 Utilissimum
808 3567 886 3626 opus
908 3544 988 3608 fecit
1010 3546 1131 3608 amicus
1154 3566 1242 3607 meus
1266 3545 1304 3607 G.
1328 3543 1369 3607 N.
1394 3545 1436 3607 du
1458 3543 1551 3624 Rieu,
1575 3542 1630 3624 qui

488 3649 563 3709 ante
580 3645 701 3728 aliquot
717 3668 818 3709 annos
833 3646 868 3708 in
883 3646 979 3710 Italia
997 3647 1118 3730 degens
1131 3645 1309 3708 studiorum
1327 3667 1438 3726 causa,
1464 3667 1536 3707 cum
1552 3644 1630 3707 alios

487 3752 609 3812 veteres
622 3747 874 3830 scriptoresltum
881 3748 1077 3811 Frontonem
1090 3770 1186 3830 quam
1197 3747 1304 3829 potuit
1315 3747 1455 3810 maxima
1468 3768 1544 3810 cura
1559 3768 1631 3810 cum

489 3849 649 3914 codicibus
663 3848 800 3912 contulit
815 3843 966 3913 et'omnia
977 3851 1117 3913 maxima
1125 3849 1259 3912 minima
1275 3849 1383 3912 sedulo
1392 3852 1425 3912 et
1439 3848 1542 3932 perite
1558 3868 1631 3911 eno-

488 3951 578 4014 tavit,
610 3949 706 4014 Brevi
721 3954 795 4034 post
809 3951 947 4014 reditum
968 3953 1003 4014 in
1018 3951 1157 4034 patriam
1173 3952 1208 4014 in
1223 3955 1350 4015 Schedia
1371 3957 1529 4015 Vaticanis
1544 3951 1631 4013 dedit

489 4075 561 4116 cum
584 4051 647 4114 alia
668 4055 738 4115 tum
753 4042 870 4116 novam
894 4052 1097 4115 collationem
1113 4035 1276 4116 Ciceronis
1291 4053 1447 4116 librorum
1470 4053 1508 4115 de
1524 4051 1631 4134 Repu-

488 4155 588 4236 blica,
613 4176 708 4237 quam
731 4154 791 4217 viri
807 4154 902 4236 docti,
927 4156 963 4216 ut
978 4155 1102 4237 opinor,
1127 4154 1315 4237 probarunt.
1347 4154 1410 4218 sed
1426 4176 1498 4218 cum
1513 4154 1548 4215 in
1564 4153 1631 4216 vita

489 4255 735 4339 occupatissima
758 4256 820 4338 ipsi
841 4277 907 4318 non
931 4255 1008 4318 satis
1031 4256 1089 4318 otii
1112 4256 1155 4319 sit
1179 4257 1218 4319 ad
1245 4257 1419 4320 editionem
1442 4255 1630 4338 parandam,

489 4357 611 4432 mavult
646 4358 732 4421 enim
766 4356 984 4420 describendis
1014 4360 1047 4419 et
1076 4358 1286 4442 inspiciendis
1315 4357 1476 4421 codicibus
1499 4357 1633 4419 Leiden-

472 4459 587 4542 sibus,
612 4481 746 4543 quorum
769 4481 844 4522 cura
867 4459 894 4521 ei
918 4459 1071 4522 mandata
1094 4462 1159 4543 est,
1185 4459 1319 4523 aliorum
1342 4459 1447 4522 studia
1469 4460 1577 4521 iuvare
1601 4460 1634 4520 et

490 4562 660 4625 incendere
681 4560 934 4644 necquidquam
948 4583 1068 4646 negare
1091 4562 1225 4626 honeste
1248 4560 1443 4644 petentibus,
1468 4582 1564 4643 quam
1585 4561 1633 4623 in-

492 4663 578 4746 genii
600 4666 809 4727 monumenta
830 4663 899 4746 ipse
923 4664 1058 4727 condere
1081 4664 1260 4748 sibiqueet
1280 4663 1386 4727 famae
1408 4663 1529 4744 vivere,
1559 4661 1634 4748 quia
