4142 5659
800 663 849 717 nu
867 664 1000 719 aurcos
1018 664 1127 718 nnana
1145 665 1165 718 1.
1224 648 1226 652 ‘

589 873 666 984 ἸΙΙ.
710 918 846 984 Fronto
868 919 1035 1007 Lolliano
1058 917 1186 986 Arito¹
1210 915 1385 986 Salutem.

495 1055 688 1118 Montanum
715 1054 910 1138 Licinium³3
944 1055 991 1119 ita
1018 1060 1052 1119 te
1081 1056 1229 1119 reducem
1252 1054 1462 1139 complectar,
1497 1077 1559 1140 quo

401 1156 614 1220 iureiurando
636 1178 708 1220 mea
730 1159 848 1240 tuaque
870 1156 956 1219 salus
973 1178 1073 1240 aeque
1097 1157 1298 1239 continetur3
1321 1158 1367 1220 sic
1389 1157 1499 1241 diligo,
1523 1160 1560 1221 ut

402 1280 476 1321 non
504 1260 625 1321 temere
652 1280 845 1342 quemquam
878 1279 1003 1341 eorum,
1038 1258 1185 1340 quiscum
1215 1259 1294 1322 mihi
1330 1257 1462 1340 hospitii
1488 1259 1559 1322 iura

404 1363 502 1442 sunt,
532 1358 688 1423 Montano
716 1381 787 1424 meo
826 1363 1032 1442 anteponam.
1078 1360 1390 1443 Quotienscumque²
1423 1359 1558 1423 Romam

406 1461 508 1542 venit,
532 1462 567 1524 in
589 1482 659 1525 meo
673 1462 913 1525 ‘contuberni03
934 1461 1007 1543 fuit,
1032 1462 1112 1525 meis
1137 1462 1269 1525 aedibus
1286 1461 1381 1524 usus⁴
1405 1465 1470 1537 est:
1492 1483 1558 1524 una

405 1562 501 1625 nobis
523 1584 635 1626 mensa
658 1584 798 1646 semper:
835 1566 997 1645 postremo
1024 1564 1167 1627 omnium
1195 1585 1298 1645 paene
1326 1584 1432 1625 rerum
1455 1564 1557 1626 consi-

406 1663 586 1747 liorumque
609 1664 856 1728 communicatio
878 1667 911 1727 et
933 1665 1070 1728 societas
1091 1660 1165 1728 fuit.
1197 1663 1283 1728 Huic
1305 1667 1435 1728 tantum
1456 1664 1554 1728 hono-

407 1786 477 1828 rem
503 1765 615 1829 haberi
643 1789 662 1828 a
684 1769 716 1829 te
748 1764 861 1847 velim,
897 1768 1054 1848 quantum
1080 1768 1137 1828 tuo
1164 1765 1306 1849 hospiti⁵
1334 1766 1556 1829 contubernali

406 1858 572 1929 ‘consiliari
601 1867 760 1930 tributum
784 1918 790 1929 .
817 1917 823 1929 .
849 1917 855 1928 .
882 1917 888 1929 .
915 1917 920 1929 .
947 1918 953 1929 .
981 1917 987 1930 .
1014 1916 1021 1931 .
1047 1919 1053 1930 .
1081 1855 1094 1929 s
1112 1866 1187 1929 6tuo
1216 1867 1406 1950 postulares.
1451 1866 1555 1930 Bona-

408 1989 479 2030 rum
502 1969 638 2031 artium⁷
663 1971 802 2032 sectator
825 1971 875 2030 est
897 1969 1006 2031 meus8
1028 1967 1223 2050 Montanus,
1252 1971 1322 2030 tum
1349 1968 1497 2031 doctrina
1524 1972 1557 2031 et

407 2069 560 2133 facundia
587 2072 636 2133 est
664 2071 816 2154 eleganti.
862 2068 935 2132 Etsi
966 2069 1071 2132 sentio
1093 2090 1145 2131 me
1168 2090 1239 2131 meo
1262 2069 1398 2132 artificio
1420 2069 1556 2131 nimium

407 2171 535 2235 fauereb
558 2172 597 2254 ei,
621 2172 706 2255 quod
728 2172 796 2255 ipse
818 2171 900 2234 nihil
927 2221 933 2233 .
959 2222 965 2234 .
993 2221 998 2233 .
1026 2188 1033 2233 ·,
1061 2221 1067 2233 .
1094 2220 1100 2233 .
1127 2221 1132 2232 .
1159 2171 1189 2232 ,9
1213 2170 1414 2252 eloquentiae
1431 2174 1556 2234 antet-

409 2272 481 2335 lerit
512 2321 1554 2336 ................................

409 2425 415 2436 .
442 2424 448 2436 .
474 2392 504 2437 .’
508 2423 716 2438 .......
743 2374 783 2459 >¹⁰
801 2423 807 2435 .
827 2423 860 2437 ..
894 2374 985 2456 Aput
1006 2395 1058 2436 me
1081 2373 1340 2455 antiquissimum
1362 2373 1468 2436 locum
1490 2373 1556 2435 lau-

408 2476 454 2538 dis
477 2475 661 2559 eloquentia
682 2475 834 2558 possidet.
880 2475 978 2560 (Laus
1001 2475 1253 2558 Eloquentiae).
1282 2524 1288 2537 .
1315 2525 1321 2537 .
1348 2525 1355 2538 .
1400 2474 1449 2537 Ex
1473 2497 1556 2538 sum-

408 2577 466 2640 mis
499 2576 714 2660 benignitatis
748 2578 863 2660 opibus
897 2576 1031 2639 tribuas.
1083 2574 1175 2638 Nihil
1203 2575 1379 2658 postulavit
1407 2597 1464 2658 pro
1498 2597 1556 2638 sua

407 2678 615 2761 uerecundia,
645 2679 708 2741 nisi
736 2679 821 2761 quod
849 2677 984 2760 probum
1011 2675 1245 2761 honestumque
1276 2678 1319 2741 sit
1341 2681 1374 2741 et
1396 2677 1456 2741 tibi
1478 2677 1556 2740 datu

407 2778 1554 2863 etsibipostulatu........................¹¹..

491 3017 508 3054 a
527 3004 560 3053 In
577 3005 704 3068 morpine:
723 2999 764 3052 De
784 2999 915 3054 amicitia.

489 3085 509 3137 b
531 3089 564 3138 Ia
581 3090 706 3152 marpinc:
734 3083 829 3137 Sentio
848 3100 946 3136 mem.
967 3101 992 3136 a.
1005 3101 1038 3162 pn.
1059 3084 1162 3137 favere.

492 3276 504 3322 1
525 3269 636 3323 Consuli
654 3286 726 3323 anno
749 3271 814 3338 post
831 3259 1014 3334 Frontonem,
1036 3268 1080 3321 Pii
1098 3268 1261 3337 imperantis
1285 3266 1414 3334 septimo.
1451 3271 1484 3322 cf.
1504 3268 1554 3322 Ca-

405 3354 483 3423 pitol.
507 3355 536 3406 in
562 3353 700 3408 Pertinac.
726 3371 747 3407 c.
769 3361 791 3407 1.
827 3354 935 3423 Apulei.
960 3353 1080 3422 Apolog.
1099 3352 1206 3419 Digest.
1225 3352 1274 3404 lib.
1294 3352 1327 3404 Il.
1347 3359 1370 3403 3.
1407 3351 1471 3405 Fuit
1489 3371 1551 3421 pro-

406 3439 500 3492 consul
517 3439 629 3492 Africae
647 3440 676 3493 et
692 3454 806 3508 praeses
824 3437 981 3507 Bithyniae.
1020 3442 1116 3491 Maius.

490 3529 506 3576 2
526 3522 591 3576 eod.
611 3541 653 3592 pr.
674 3541 710 3576 m.
750 3527 1001 3592 Quotiensquomqae.

490 3615 506 3661 3
525 3606 591 3661 Cod.
605 3626 647 3676 pr.
661 3625 697 3660 m.
712 3611 877 3661 conlibernio.
902 3611 1094 3660 Contubernium
1106 3622 1158 3675 pro
1171 3611 1296 3674 hospitio:
1308 3606 1363 3660 vid.
1374 3606 1552 3661 Niebuhrius'.

488 3697 506 3743 4
524 3691 567 3744 lta
585 3691 691 3757 Codcx3
709 3690 798 3744 Maius
816 3691 887 3760 legit
904 3711 934 3744 aa
951 3706 1003 3758 pro
1021 3710 1089 3743 oscas.
1148 3721 1150 3726 ·

489 3781 506 3828 5
523 3775 567 3828 Ita
584 3775 695 3848 videtur
711 3776 770 3844 legi
786 3776 815 3828 in
834 3774 943 3841 Codice,
960 3775 1010 3828 sed
1028 3792 1072 3829 res
1090 3775 1199 3828 incerta
1216 3776 1266 3828 est.

490 3865 505 3911 6
523 3860 586 3913 Non
608 3859 675 3914 satis
699 3861 843 3914 accuratus
864 3860 918 3912 fuit
939 3859 1029 3912 Maius
1051 3861 1081 3912 in
1097 3860 1151 3914 hoc
1168 3860 1230 3912 loco
1249 3860 1403 3914 referendo.
1441 3860 1553 3915 Amicus

404 3943 474 3996 haec
491 3943 587 3997 vidia·
604 3951 735 3999 conciliari
750 3943 979 3998 Inlssunudcn
992 3947 1036 3997 ,Α
1051 3985 1130 4010 .....
1152 3947 1213 3998 tum
1234 3944 1292 4013 legi
1315 3947 1457 4013 nequeunt
1481 3946 1553 4000 duae
1589 3932 1592 3939 ¹

405 4025 514 4082 litterae
533 4030 562 4081 et
579 4047 649 4082 unus
667 4045 770 4082 versus.
805 4026 892 4082 Facili
913 4029 1026 4095 negotio
1052 4028 1147 4082 omnia
1164 4029 1203 4082 sic
1221 4029 1407 4097 suppleveris:
1434 4035 1553 4082 tributum

405 4122 510 4178 optares
527 4119 566 4166 vel
580 4119 669 4181 potius
686 4132 778 4166 summo
796 4118 851 4166 iure
869 4123 911 4167 tao
929 4121 1084 4181 postulares.

490 4197 605 4251 tHaud
623 4198 691 4252 satis
710 4198 815 4251 certum
834 4196 887 4251 lioc
905 4199 1073 4252 vocabulum
1093 4199 1143 4251 cst.

490 4286 506 4333 8
524 4282 568 4335 lta
586 4281 687 4337 Codex.

488 4365 657 4421 eExcidere
676 4367 739 4422 octo
756 4366 877 4421 litterae.
914 4368 957 4420 An
976 4372 1123 4435 meusque?
1201 4420 1204 4426 ,

473 4455 505 4504 10
523 4450 655 4520 Sequitur
681 4451 748 4506 Cod.
771 4470 798 4520 p.
818 4458 880 4518 335,
910 4452 940 4504 in
967 4468 1022 4518 qua
1048 4451 1118 4504 nihil
1143 4448 1322 4518 distinguitur
1345 4451 1458 4517 praeter
1482 4451 1551 4505 duas

406 4535 558 4588 sententias
575 4535 605 4588 in
623 4537 749 4604 margine
769 4539 797 4591 et
814 4537 844 4590 in
861 4537 940 4590 textu
957 4536 1007 4590 illa
1025 4535 1125 4589 verba:
1145 4539 1192 4589 Ea·
1208 4541 1307 4588 commis
1326 4564 1357 4572 -
1377 4538 1482 4593 tribuae.

474 4625 503 4672 ll
523 4620 654 4689 Sequitur
671 4639 698 4689 p.
718 4627 768 4676 334
785 4623 847 4674 tota
865 4620 982 4675 evanida
999 4620 1113 4689 praeter
1131 4619 1299 4674 senteutiam
1315 4618 1345 4673 in
1362 4618 1496 4689 margine.
1517 4652 1550 4658 —

406 4700 510 4757 Eadem
528 4705 658 4759 dicuntur
676 4707 713 4760 ad
729 4706 836 4761 Verum
854 4706 923 4774 Imp.
945 4723 988 4774 ep.
1007 4705 1041 4771 ll,
1061 4712 1083 4758 7.
