4142 5659
418 645 478 708 142
629 643 666 696 Μ.
680 641 849 697 CORNELII
866 641 1075 696 FRONTONIS
1092 641 1351 696 EPISTULARUM

320 856 325 868 .
415 817 520 882 terrae
541 813 666 878 litteras
688 814 865 895 missitare,
891 815 1002 898 regesl
1028 813 1228 877 01110101111112
1255 810 1403 898 gentium
1426 814 1571 898 compel-

415 915 497 997 lare,
532 916 690 980 sociorum
719 916 829 998 culpas
858 915 990 979 edictis3
1019 937 1180 997 coercere,
1215 915 1387 1000 benefacta
1419 914 1568 998 laudare,

416 1017 583 1080 seditiosos
607 1039 818 1100 compescere,
842 1018 964 1081 feroces
986 1017 1146 1081 territare.
1193 1017 1311 1080 Omnia
1332 1016 1396 1079 ista
1417 1016 1570 1099 profecto
1645 1068 1647 1071 ,

415 1118 521 1193 verbis
551 1121 627 1181 sunt
656 1141 693 1182 ac
721 1118 838 1182 litteris
867 1120 1003 1203 agenda.
1049 1119 1125 1182 Non
1153 1118 1278 1182 exe-oles
1300 1117 1402 1202 igitur
1423 1118 1457 1181 id
1480 1118 1570 1201 quod

414 1219 473 1282 tibi
496 1220 616 1283 totiens
644 1220 808 1303 tantisque
834 1223 870 1284 in
897 1220 992 1284 rebus
1021 1220 1128 1283 videas
1157 1241 1276 1304 magno
1299 1220 1371 1282 usui
1393 1219 1571 1282 futurum?

415 1320 470 1383 An
492 1320 574 1383 nihil
602 1320 721 1384 referre
750 1322 916 1385 arbitraris
944 1321 1092 1404 qualibus
1120 1321 1226 1384 verbis
1254 1342 1352 1404 agm,
1387 1342 1469 1403 quae
1498 1341 1569 1383 non

415 1421 477 1483 nisi
500 1421 605 1484 verbis
629 1425 682 1506 agi
705 1424 862 1506 possunt?
906 1423 1015 1505 Errant,
1048 1423 1076 1485 si
1098 1425 1192 1505 putas
1220 1423 1293 1505 pari
1315 1422 1508 1486 auctoritaie
1531 1423 1569 1485 in

415 1525 530 1586 senatu
551 1523 620 1586 fore
644 1524 811 1588 Thersitae
834 1525 939 1588 verbis
963 1527 1184 1608 expromptam
1207 1524 1418 1606 sententiam,
1444 1526 1478 1586 et
1499 1523 1569 1587 Mc-

415 1624 500 1687 nelai
530 1628 586 1687 aut
615 1624 704 1689 Ulixi
736 1626 914 1689 orationem
924 1639 946 1708 ³,
985 1647 1120 1710 quorum
1147 1624 1306 1689 Homerus
1334 1629 1367 1690 et
1393 1625 1502 1689 vultus
1531 1625 1569 1687 in

416 1725 541 1808 agendo
564 1728 596 1788 et
625 1725 754 1790 habitus
777 1730 809 1790 et
832 1730 935 1791 status
957 1731 990 1791 et
1012 1749 1106 1791 voces
1131 1725 1291 1815 [calnoras
1316 1748 1353 1790 ac
1376 1725 1568 1790 modulatio-

415 1848 493 1889 num
516 1826 716 1909 eloquentiae
738 1850 858 1912 genera
881 1828 1006 1892 diversa
1028 1829 1166 1892 11011111114
1196 1830 1208 1869 *³
1219 1877 1565 1892 ...........

417 1978 961 1993 .................
973 1929 1022 2013 15.
1050 1980 1056 1993 .
1084 1981 1089 1993 .
1118 1981 1124 1993 .
1151 1980 1157 1992 .
1185 1980 1190 1992 .
1218 1979 1224 1992 .
1262 1929 1439 2012 Quisquam
1461 1930 1566 1993 vereri

415 2032 536 2111 potest,
566 2052 660 2113 quem
682 2032 875 2095 inridentius
903 2053 1000 2114 quam
1027 2032 1185 2096 dictorum
1214 2029 1294 2117 [cius
1323 2053 1419 2095 causa
1446 2031 1565 2119 haunt]

417 2133 645 2216 contempserit
671 2181 944 2197 .........
972 2133 1065 2196 ⁷cum
1087 2183 1295 2196 .......
1318 2155 1444 2217 magn.
1464 2183 1471 2197 .
1497 2137 1566 2196 arte

415 2235 523 2296 taceat
548 2284 554 2296 .
581 2284 588 2297 .
615 2285 621 2297 .
646 2235 751 2321 inquit
778 2256 819 2297 ne
847 2237 880 2297 tc
908 2235 955 2297 rei
983 2234 1049 2298 illis
1071 2235 1103 2297 vi
1111 2284 1370 2297 .........
1395 2238 1469 2298 11101
1481 2225 1566 2298 ’0011-

416 2336 566 2398 temnant
584 2386 817 2399 ........
825 2336 837 2375 ⁸
867 2335 970 2398 Nemo
990 2339 1085 2399 tanta
1108 2337 1299 2399 auctoritate
1323 2339 1382 2418 est,
1407 2337 1563 2418 quinon,
1643 2342 1644 2345 ’

417 2435 471 2499 nbi
493 2436 611 2518 peritia
634 2438 790 2519 deficitur,
815 2437 856 2498 ab
880 2458 916 2499 co
939 2437 993 2520 qui
1015 2437 1150 2520 peritior
1172 2440 1220 2500 cst
1241 2437 1463 2520 despiciatur.
1491 2488 1497 2500 .
1524 2488 1530 2500 .
1557 2488 1563 2500 .

418 2536 501 2599 ...⁹
524 2537 683 2601 medebor.
711 2542 867 2601 temnor.
895 2587 900 2598 .
928 2587 934 2599 .
962 2588 968 2600 .
993 2559 1093 2622 gypso
1116 2588 1290 2601 ......
1314 2539 1428 2602 mersit
1451 2589 1564 2601 .....

417 2637 523 2700 ¹⁰Tibi
544 2641 639 2702 tanta
662 2639 844 2722 eloquentia
866 2643 961 2721 parta
984 2642 1048 2722 cst,
1077 2661 1159 2722 quae
1182 2641 1223 2703 ad
1244 2640 1371 2703 laudem
1394 2641 1494 2703 etiam
1517 2661 1567 2703 su·

415 2829 619 2837 -—·--——-——

476 2973 478 2978 .
501 2959 518 3008 a
537 2947 568 2995 In
586 2949 712 3010 marpine:
731 2943 796 2997 Non
806 2943 892 2996 talem
909 2941 1077 2997 auctoritate
1096 2916 1242 2998 Thersitae
1261 2944 1304 2996 est
1322 2945 1490 3013 exprompta
1508 2961 1570 2998 sen-

416 3027 506 3082 tentia
524 3044 608 3094 quam
625 3026 746 3081 Menelai
763 3029 813 3081 aut
830 3027 917 3082 Ulixis
937 3029 1035 3082 oratio.

501 3113 519 3164 b
539 3117 572 3165 In
590 3118 715 3180 marpine:
739 3110 815 3176 Quae
834 3130 879 3166 res
897 3112 1096 3170 auctoritatem
1113 3118 1295 3165 sententiarum
1312 3111 1468 3166 imminuat.

503 3333 579 3387 lIta
598 3331 699 3386 Codex.

502 3418 688 3486 2Perperam
709 3416 812 3476 Maius:
843 3423 911 3484 tepea
929 3427 1081 3472 ceterarum.
1115 3416 1210 3469 Prima
1230 3415 1327 3469 littera
1346 3416 1474 3469 vocabuli
1492 3436 1573 3485 repes

416 3502 474 3556 fere
493 3502 613 3555 evanuit.

502 3593 518 3640 3
536 3587 688 3654 Pcrpcram
704 3585 808 3639 Maius:
828 3591 910 3639 dietis.

502 3678 518 3722 4
536 3671 580 3724 Ita
598 3687 661 3723 cum
672 3667 834 3722 Heindorfio
851 3669 949 3735 Maius,
968 3670 1016 3737 qui
1033 3671 1128 3723 tamen
1146 3669 1175 3722 in
1188 3668 1288 3725 Codice
1306 3668 1401 3721 videre
1420 3669 1475 3721 sibi
1493 3669 1573 3724 visus

419 3756 473 3809 est:
493 3775 543 3808 non
561 3760 678 3823 deniqne.
715 3752 833 3823 Supplet
849 3753 1036 3808 Heindorfius:
1063 3759 1180 3823 Denique
1197 3759 1340 3822 principum
1358 3759 1433 3806 etiam
1451 3762 1571 3808 auctori·

419 3850 495 3893 tatem
513 3844 648 3908 eloquendi
664 3845 750 3892 minuit
768 3844 876 3892 inscitia.
941 3890 944 3894 .

504 3929 519 3976 5
538 3921 669 3989 Sequitur
687 3921 753 3976 Cod.
772 3940 800 3992 p.
820 3929 882 3991 395,
909 3939 980 3990 qnae
998 3923 1237 3994 interiit'praeter
1255 3940 1301 3989 ea,
1325 3938 1396 3993 quae
1414 3921 1522 3976 amicus
1541 3924 1574 3977 in

418 4007 544 4076 margine
562 4007 657 4076 legere
674 4006 776 4076 potuit.

503 4098 519 4145 6
538 4090 769 4160 Supplementnm
787 4092 866 4159 Maii,
885 4093 960 4159 quod
978 4093 1074 4146 tamen
1091 4108 1147 4146 11011
1166 4092 1296 4146 convenit
1314 4108 1377 4145 oum
1394 4089 1522 4160 vestigiis
1540 4092 1573 4146 in

419 4176 528 4231 Codice.
632 4170 638 4179 ’

504 4267 518 4315 7
538 4258 619 4324 Quod
637 4261 762 4327 sequitur
779 4261 883 4329 legitur
899 4261 929 4314 in
946 4260 1002 4315 imo
1020 4261 1156 4329 margine.

503 4346 568 4399 8Ι11
586 4362 693 4400 summo
712 4347 838 4414 margine
858 4346 1002 4400 columnae
1021 4345 1144 4399 alterius.
1180 4345 1374 4399 Berolinenses
1398 4345 1446 4411 qui
1464 4345 1573 4399 nescie-

418 4429 488 4484 bant
504 4430 574 4483 haec
593 4430 686 4484 omnia
703 4448 718 4484 0
736 4424 864 4506 margine
883 4430 1010 4483 desumta
1022 4447 1090 4497 esse,
1109 4428 1255 4484 fallacibus
1275 4428 1441 4483 coniecturis
1459 4430 1511 4484 sed
1529 4431 1573 4484 in-

374 4507 380 4555 ’1
421 4512 542 4583 geniosis
560 4514 654 4569 lacera
671 4516 832 4584 fragmenta
851 4513 1088 4569 consareinarunt.

503 4604 518 4653 9
536 4598 568 4652 In
584 4598 641 4653 imo
659 4599 795 4668 margine.

489 4689 520 4739 10
537 4680 613 4737 Haec
631 4684 823 4752 apparuerunt
833 4682 868 4750 ¹in
885 4684 972 4738 textu.
