4142 5659
522 716 524 722 ι
641 677 690 742 ΑΙ)
708 675 951 743 menusanum
969 676 1017 742 nr
1035 674 1188 741 ruvronn
1205 684 1312 740 ninus
1329 684 1362 741 v.
1534 676 1575 752 83

644 927 780 994 XXIV.
804 926 860 992 39.
895 927 1070 1010 Magistro
1092 926 1168 992 Meo
1192 923 1367 992 Salutem.

470 1044 479 1049 ⁸
513 1062 702 1128 Vindemias
724 1064 845 1127 laetas¹
868 1086 965 1148 quam
986 1062 1169 1125 firmissimo
1192 1082 1323 1144 corpore
1347 1083 1442 1146 agere
1464 1064 1507 1143 te,
1531 1061 1604 1124 mi.

427 1166 593 1250 magister,
627 1169 713 1249 opt0.
751 1164 804 1228 Me
828 1166 979 1229 adlevant
1003 1164 1111 1227 nuntii
1134 1165 1172 1227 de
1194 1163 1376 1227 Domnula²
1398 1185 1470 1226 mea
1493 1184 1576 1226 com·

427 1267 571 1330 rnodiora
604 1267 672 1330 deis
709 1267 895 1330 iuvantibus
933 1266 1125 1330 indicantes
1168 1264 1249 1329 Vale
1272 1265 1316 1328 mi
1349 1264 1576 1329 iucundissime

428 1371 594 1452 magister.

755 1490 871 1603 xxi.
894 1524 968 1602 ros
985 1536 1137 1602 nomino
1159 1536 1246 1602 neo.

513 1672 553 1736 In
576 1672 678 1736 hortis
706 1673 884 1737 vindemias
914 1694 990 1757 ago:
1020 1672 1183 1736 commode
1211 1671 1315 1734 valeo:
1345 1693 1440 1756 aegre
1466 1676 1576 1736 tamen

429 1774 567 1838 insisto³
588 1774 694 1838 dolore
718 1775 893 1859 digitorum
914 1774 949 1837 in
973 1774 1104 1837 sinistro
1118 1774 1208 1857 pede.
1232 1772 1296 1836 Pro
1311 1771 1466 1838 Faustina
1482 1796 1576 1837 manc

430 1877 546 1940 cotidie
569 1876 643 1940 deos
667 1876 809 1959 appello:
839 1876 904 1938 scio
933 1876 1019 1939 eninr
1047 1898 1098 1938 mc
1120 1897 1178 1959 pro
1200 1879 1257 1938 tua
1279 1875 1382 1939 salute
1405 1879 1515 1960 optare
1539 1898 1576 1938 ac

429 1977 586 2060 praecari.
631 1970 712 2041 Vale
735 1977 873 2041 Domine
896 1977 1088 2040 dulcissime.
1132 1976 1305 2040 Dominam
1327 1977 1440 2042 saluta.

741 2145 877 2213 XXVI.
900 2145 958 2212 41.
991 2146 1164 2228 Magistro
1186 2145 1273 2237 ileo.

514 2283 586 2366 Ego
609 2283 686 2346 adeo
709 2282 895 2365 perscripsi,
927 2284 978 2346 et⁴
1005 2282 1098 2346 mitte
1125 2282 1211 2345 aliud
1233 2283 1317 2366 quod
1339 2282 1491 2366 scribam3
1521 2285 1576 2347 sed

430 2385 579 2448 librarius
607 2406 697 2447 meus
724 2406 791 2448 non
823 2387 953 2467 praesto
984 2385 1049 2447 fuit
1084 2383 1137 2468 qui
1169 2384 1408 2448 transcriberet.
1442 2383 1576 2468 Scripsi

431 2489 539 2550 antem
560 2507 626 2549 non
649 2507 688 2548 ex
715 2476 787 2549 mea
815 2485 992 2568 sententia,
1026 2508 1104 2549 nam
1132 2488 1164 2548 et
1190 2486 1343 2549 festinavi
1371 2489 1404 2550 et
1430 2489 1486 2550 tua
1512 2487 1576 2550 ista

430 2587 578 2650 valetudo
606 2587 883 2672 aliquantul⁵lum
911 2586 1041 2650 detrivit
1067 2586 1156 2650 mihi.
1195 2586 1257 2652 Sed
1279 2587 1407 2650 veniam
1430 2610 1500 2652 cras
1522 2611 1575 2672 pe-

430 2693 508 2772 tam,
528 2711 611 2752 cum
642 2690 780 2752 mittam.
825 2688 906 2751 Vale
939 2689 984 2751 mi
1011 2687 1193 2752 dulcissime
1227 2690 1391 2774 magister.
1437 2690 1576 2754 Domina

430 2812 502 2852 mea
524 2793 628 2854 mater
650 2791 786 2855 salutem
807 2790 868 2853 tibi
891 2790 978 2853 dicit.
1023 2789 1150 2853 Nomen
1172 2791 1295 2854 tribuni
1316 2791 1429 2875 plebis,
1455 2792 1506 2855 cui
1528 2792 1576 2855 in-

430 2893 538 2974 posuit
560 2894 691 2956 notam⁶
713 2892 836 2955 Acilius
860 2913 982 2975 censor,
1007 2911 1101 2974 quern
1123 2893 1247 2976 scripsi,
1270 2894 1363 2956 mitte
1385 2893 1474 2957 mihi.

732 3054 890 3126 XXVII.
912 3060 970 3125 42,
1004 3060 1156 3125 Domino
1178 3059 1266 3126 Meo.

495 3190 652 3260 vTardius
683 3197 753 3280 tibi,
789 3196 936 3279 Domine,
966 3196 1123 3278 rescrib03
1156 3196 1279 3259 tardius
1313 3197 1399 3261 enirn
1432 3199 1575 3262 libellum

431 3302 522 3362 tuum
552 3298 674 3381 aperui,
712 3295 864 3381 quoniam
897 3299 937 3361 ad
971 3297 1131 3380 agendum
1164 3297 1204 3360 ad
1235 3297 1340 3361 forum
1362 3299 1459 3363 ibam.
1504 3300 1575 3384 Ego

433 3400 626 3463 commodius
649 3421 699 3462 me
722 3398 838 3482 habeo,
867 3398 978 3463 tamen
1006 3398 1226 3462 ulcusculuma
1260 3399 1364 3464 adhuc
1392 3402 1487 3465 altius
1515 3404 1572 3464 est.

432 3500 513 3564 Vale
535 3500 674 3564 Domine
697 3501 888 3564 dulcissime.
934 3501 1106 3564 Dominam
1129 3501 1243 3564 saluta.

516 3603 559 3665 M.
583 3602 724 3665 Lucilius
747 3603 896 3666 tribunus
917 3604 984 3686 pl.⁷
1007 3602 1170 3666 hominem
1192 3603 1329 3666 liberum
1352 3606 1452 3669 civem
1474 3627 1575 3669 roma-

431 3726 520 3786 num,
545 3726 617 3769 cum
641 3704 782 3788 collegae
797 3705 884 3768 mitti
906 3704 1066 3787 iuberent,
1091 3705 1241 3768 adversus
1257 3727 1366 3768 eorum
1382 3708 1576 3771 sententiam

516 3889 533 3926 a
550 3877 584 3926 ln
601 3879 726 3941 mnrpr'ne:
745 3874 789 3926 Ab
808 3873 884 3926 ulcus
902 3872 1079 3926 ulcusculum.

518 4065 529 4110 1
550 4058 654 4112 Codex:
674 4066 811 4129 laetusque.

516 4149 531 4196 2
550 4143 593 4195 lta
612 4143 755 4197 evidenter
773 4144 874 4197 Codex.

516 4235 531 4281 3
549 4227 643 4281 Codex
660 4241 702 4297 pr.
721 4246 757 4281 m.
776 4235 882 4282 im'sisto.

515 4317 532 4363 4
550 4309 709 4366 Codexnut.
748 4312 864 4366 Orellius
883 4324 909 4366 tu
927 4319 1003 4366 mitte.
1075 4304 1078 4307 V

516 4401 531 4448 5
549 4395 650 4464 Incipit
668 4396 733 4455 (lod.
753 4396 816 4450 Vat.
836 4415 862 4465 p.
877 4403 917 4451 80.

516 4485 533 4531 θ
550 4478 656 4533 Codex:
676 4494 732 4534 tane.
770 4480 896 4533 Correxit
913 4481 1009 4534 Maius.

516 4570 530 4617 7
548 4566 628 4636 Anno
642 4563 738 4617 DCLX
755 4565 798 4618 vel
811 4564 920 4618 DCLXI
938 4566 1014 4634 apud
1030 4565 1168 4634 Pighium,
1187 4564 1235 4632 qui
1252 4567 1346 4618 tamen
1364 4564 1419 4618 alia
1432 4583 1576 4621 censorum

430 4646 531 4701 recitat
548 4648 669 4701 nomina.
715 4648 812 4717 ltaque
831 4649 866 4702 de
884 4649 972 4703 Acilio
991 4665 1113 4716 censore,
1136 4649 1183 4716 qui
1201 4652 1296 4702 notam
1314 4649 1446 4718 imposuit
1463 4652 1577 4718 Lucilio,

433 4733 622 4799 quaerendum
640 4735 772 4801 superest.
810 4738 903 4788 Maias.
1029 4725 1031 4729 ’

1329 4820 1373 4885 6*
