4142 5659
510 648 570 713 186
719 644 939 700 uccellano
956 643 1165 700 FRONTONIS
1182 643 1439 699 EPISTULARUM

506 819 624 901 facere,
648 839 745 901 quam
766 818 838 900 ipsa
859 817 930 881 res¹
954 817 1112 900 postulat:
1141 820 1215 880 acta
1238 816 1475 902 cognitionum,
1499 816 1658 900 epistulas

507 921 612 984 omnis
639 920 776 1003 denique
804 921 842 983 ad
865 920 1065 1004 provinciam
1091 919 1284 983 adtinentes.
1329 919 1375 982 Te
1396 919 1556 983 iuvabunt
1577 919 1659 983 tuis-

507 1046 569 1107 que
593 1073 600 1086 .
627 1073 634 1085 .
660 1073 667 1085 .
693 1022 722 1086 ‚²
751 1045 811 1085 con
835 1073 842 1085 .
869 1073 876 1085 .
902 1022 930 1086 ,³
954 1021 1104 1085 adsidue⁴
1129 1071 1136 1084 .
1163 1073 1169 1084 .
1196 1072 1203 1084 .
1230 1073 1236 1084 .
1267 1042 1400 1084 munera
1427 1022 1565 1085 obires.
1592 1070 1600 1085 .
1628 1023 1659 1084 .⁵

506 1147 574 1190 cum
595 1130 714 1190 bonore
735 1124 949 1209 provinciales
970 1127 1129 1189 tractare:
1151 1127 1189 1188 ut
1203 1145 1315 1188 verum
1336 1123 1379 1187 sit
1401 1123 1486 1206 quod
1509 1123 1659 1206 antiqui⁶

501 1231 630 1300 ‚veteres
652 1229 816 1292 dixerantz
838 1227 1014 1292 retroiret
1036 1227 1120 1292 εἶναι
1141 1229 1192 1290 καὶ
1213 1228 1338 1291 παίζειν
1360 1227 1411 1289 καὶ
1433 1226 1626 1292 (πουδὰζειν
1637 1225 1659 1288 ⁷.

508 1330 736 1395 Valerianum⁸
760 1379 767 1393 .
793 1379 800 1393 .
829 1329 933 1392 bonus
965 1330 992 1391 si
1023 1379 1030 1391 .
1057 1379 1064 1392 .
1093 1329 1149 1391 bui
1177 1317 1365 1392 studebam⁹
1396 1378 1403 1390 .
1430 1378 1437 1390 .
1469 1327 1659 1391 conclusus:

507 1454 567 1497 nec
589 1455 639 1495 me
662 1431 854 1496 Valerianus
881 1434 992 1495 noster
1013 1431 1121 1494 videre
1148 1431 1265 1514 potuit.
1311 1430 1342 1493 A
1364 1429 1512 1494 Dominis
1535 1429 1660 1522 nostris

506 1534 752 1617 imperatoribus
773 1555 839 1597 non
861 1536 993 1616 propter
1015 1533 1102 1596 aliud
1125 1533 1226 1596 amari
1247 1555 1299 1596 me
1320 1537 1397 1616 opto
1403 1582 1413 1615 ‚
1443 1554 1541 1615 quam
1562 1533 1601 1594 111
1623 1534 1660 1594 te

507 1657 632 1720 quoque
659 1635 849 1718 participem
876 1636 938 1699 mei
973 1636 1114 1719 corporis
1144 1639 1177 1698 et
1204 1635 1303 1698 animi
1333 1635 1488 1719 diligant:
1526 1636 1560 1697 et
1583 1655 1660 1697 311111

507 1737 652 1801 bonitate
674 1758 783 1800 eorum
806 1739 911 1800 certus
934 1759 1005 1800 sum
1027 1738 1074 1801 ita
1095 1738 1174 1800 fore.

593 1838 696 1914 Quom
718 1838 778 1902 tibi
800 1838 982 1921 scriberem,
1006 1840 1103 1924 paulo
1126 1840 1322 1903 commodius
1343 1839 1500 1903 valebam.
1537 1837 1659 1902 Adhuc

398 1988 400 1991 -
507 1942 636 2026 quidem
658 1962 695 2003 eo
717 1943 861 2024 tempore
884 1962 972 2003 eram
995 1963 1033 2004 ex
1049 1941 1239 2025 longissima
1253 1963 1325 2004 mea
1340 1941 1534 2022 valetudine,
1557 1963 1659 2023 quam

508 2046 621 2108 contra
644 2064 753 2107 curam
761 2043 787 2083 ¹⁰
811 2092 818 2105 .
844 2092 852 2106 .
877 2092 885 2106 .
909 2065 1009 2126 aeque
1019 2042 1040 2082 ¹¹
1066 2093 1073 2106 .
1100 2092 1107 2106 .
1133 2093 1141 2107 .
1170 2043 1254 2106 male
1282 2042 1437 2107 mulcavit
1463 2042 1599 2105 recitavi
1620 2041 1659 2104 in

507 2148 623 2210 senatu
644 2145 723 2209 satis
732 2145 756 2185 ¹²
773 2194 781 2208 .
800 2194 807 2207 .
834 2194 841 2208 .
865 2149 1044 2228 repeterem
1065 2145 1292 2228 postularetur.
1326 2146 1402 2228 Fac,
1425 2144 1470 2207 mi
1492 2143 1655 2226 Naucelli,

506 2246 701 2312 valetudinis
733 2251 808 2310 11133
842 2269 951 2311 curam
974 2269 1069 2332 agas,
1104 2251 1140 2311 ut
1167 2247 1261 2310 fortis
1290 2247 1330 2309 ad
1357 2268 1417 2310 nos
1443 2246 1566 2310 venias.
1613 2245 1658 2308 Di

506 2350 729 2432 praestabunt,
758 2351 796 2412 ut
816 2370 867 2411 me
895 2371 1021 2432 quoque
1048 2350 1127 2413 forti
1150 2349 1414 2414 culmninvenias.
1459 2347 1656 2412 Valerianus

506 2452 549 2516 N.
572 2472 709 2536 magnas
733 2450 773 2513 ad
794 2452 827 2513 te
849 2449 963 2534 plagas
991 2451 1134 2533 rettulit,
1165 2473 1245 2535 quas
1273 2451 1314 2514 ab
1336 2450 1485 2514 omnibus
1494 2450 1519 2490 ¹³
1543 2499 1551 2514 .
1578 2499 1586 2513 .
1612 2500 1619 2512 .
1646 2499 1653 2513 .

507 2554 637 2639 gravium
671 2574 744 2615 eum
775 2552 913 2614 tractavi
941 2573 1038 2635 quam
1061 2537 1292 2616 Stratonabian
1328 2550 1396 2639 [aut
1428 2551 1653 2637 Pyrallum]¹⁴.

507 2655 659 2739 Stragula
693 2653 773 2716 mihi
811 2653 898 2716 linea
931 2653 1057 2737 sculpta
1090 2652 1184 2740 q[uae
1217 2652 1376 2741 germani]
1407 2704 1415 2717 .
1446 2705 1453 2717 .
1479 2705 1486 2717 .
1512 2705 1519 2717 .
1545 2705 1552 2717 .
1578 2653 1653 2717 Ἀθ.

508 2805 711 2822 .......
722 2755 761 2837 ‘1¹⁶
814 2755 932 2818 Munus
955 2755 1016 2818 hoc
1039 2756 1080 2818 ab
1101 2757 1235 2819 ineunte
1258 2759 1364 2819 aetate
1386 2756 1575 2839 infrequens
1597 2756 1654 2819 ha-

507 2860 561 2924 bui
590 2861 623 2922 et
650 2878 752 2939 paene
779 2859 998 2941 neglectum:
1031 2880 1092 2922 1133
1120 2858 1288 2941 quisquam
1319 2861 1368 2921 est
1396 2856 1565 2921 hominnm
1590 2857 1654 2921 Ro

592 3015 609 3052 a
627 3002 660 3061 In
677 3001 803 3063 margine:
820 2993 920 3046 Munus
938 3025 972 3032 —
989 2993 1155 3061 neglectum.

592 3107 606 3154 1
625 3099 691 3154 cod.
711 3116 753 3167 pr.
772 3115 810 3149 m.
827 3116 889 3153 rem.
1046 3163 1050 3167 .

573 3193 606 3241 ·2
625 3185 729 3254 Supple
749 3183 843 3237 12131
861 3187 893 3235 14
910 3181 1027 3234 litteras.

591 3280 607 3327 3
625 3270 730 3340 Supple
747 3268 867 3323 totidem
883 3265 1000 3319 litteras.

591 3363 607 3409 4
625 3354 730 3424 Supple
748 3368 796 3406 3311
813 3352 933 3406 litteras.

592 3447 608 3495 5
626 3439 729 3508 Supple
748 3438 845 3492 decem
862 3436 978 3490 litteras.

565 3512 568 3517 ἱ
591 3532 607 3579 6
624 3527 668 3578 An
686 3528 785 3578 Attia?
819 3524 998 3574 Buttmannus.
1042 3531 1045 3535 ’
1155 3528 1160 3535 ”

592 3617 606 3664 7
625 3609 727 3662 Cetera
744 3605 863 3660 conferri
880 3621 936 3659 non
953 3605 1113 3672 potuerunt.
1139 3605 1180 3659 De
1192 3606 1285 3659 verbis
1298 3606 1406 3660 παίζειν
1424 3608 1469 3658 καί
1488 3606 1650 3661 (πουδὰῑειν

507 3696 563 3750 vid.
583 3694 704 3748 Sobetus
721 3693 787 3755 Λόγ.
808 3693 880 3757 Ἑρμ.
899 3707 926 3757 p.
946 3694 1004 3741 214.

590 3783 607 3831 8
624 3776 789 3830 Valerianus
806 3773 860 3826 fuit
877 3771 1030 3827 Pertinacis
1049 3776 1192 3841 magister.
1218 3773 1258 3828 Cf.
1278 3775 1348 3843 Imp.
1366 3775 1426 3828 vita
1443 3792 1466 3828 c.
1488 3781 1526 3828 12.
1555 3779 1649 3828 Maius.

592 3868 608 3916 9
626 3861 658 3914 In
675 3859 719 3912 his
735 3858 840 3913 lacunis
858 3859 948 3912 latent
965 3874 1061 3912 versus
1081 3860 1152 3912 octo.
1178 3858 1243 3912 Mox
1260 3859 1435 3914 Ecksteinius
1452 3875 1505 3928 pro
1523 3880 1578 3913 cum
1595 3877 1652 3914 ma-

508 3948 568 4003 vult
583 3955 632 4000 iam
650 3949 770 4000 bonitate.

577 4038 609 4086 10
627 4029 731 4100 Supple
749 4045 867 4083 versum.
907 4031 1002 4082 Maius.

577 4122 607 4170 11
625 4112 696 4168 Exin
713 4131 810 4168 versus
828 4113 924 4168 decem
941 4114 999 4183 legi
1016 4117 1165 4182 nequeunt.
1202 4118 1298 4168 Maius.

577 4208 608 4256 12
627 4200 731 4269 Supple
749 4199 819 4253 duos
836 4214 939 4253 versus.
975 4205 1071 4254 Maius.

577 4294 608 4342 13
626 4284 731 4354 Supple
748 4285 851 4338 iterum
868 4284 937 4338 duos
954 4301 1059 4339 versus.
1091 4288 1186 4339 Maiis.

577 4378 609 4425 14
625 4369 920 4434 Μ31131131111313111111
928 4369 998 4423 haec
1007 4369 1152 4434 vocabula,
1171 4369 1226 4422 nisi
1237 4369 1364 4423 Paralius
1377 4370 1450 4422 esset
1459 4369 1532 4420 inter
1545 4368 1652 4422 occisos

507 4475 525 4511 a
535 4455 686 4510 Commodo
697 4454 815 4523 Capitol.
827 4471 849 4508 3.
857 4460 885 4518 4;
895 4455 956 4506 tum
965 4468 1031 4507 vero
1041 4453 1160 4522 Pyrallis
1169 4455 1198 4507 et
1209 4453 1336 4522 Pyrallus
1344 4453 1374 4506 in
1385 4452 1510 4521 inscript.
1522 4469 1566 4520 ap.
1579 4453 1651 4506 Gru-

507 4543 559 4596 ter.
576 4540 715 4594 etMurat.
733 4539 805 4593 Item
814 4539 942 4606 Pyralius
955 4537 1060 4607 legitur
1073 4537 1149 4606 apud
1161 4537 1292 4592 Photium
1303 4538 1363 4592 cod.
1381 4544 1428 4592 187
1438 4556 1466 4606 p.
1476 4543 1534 4590 461,
1556 4541 1652 4593 Maius.
1668 4598 1674 4603 .

577 4631 609 4680 15
627 4624 730 4693 Supple
748 4641 844 4678 versus
861 4623 966 4677 decem.
1004 4626 1100 4678 Maius.

578 4714 608 4762 16
626 4706 757 4776 Sequitur
775 4707 841 4762 Cod.
860 4725 887 4776 p.
907 4714 964 4773 219,
983 4705 1108 4760 evanida.
