4142 5659
504 695 568 758 ‘220
760 694 795 746 M.
816 691 985 746 CORNELII
1001 689 1209 746 FRONTONIS
1227 690 1403 746 EPISTULA

589 863 651 928 Sed
673 863 832 927 somnium
853 863 937 926 filiae
953 854 1116 945 Poly‘crati
1137 863 1202 926 iam
1225 863 1301 926 ante
1322 863 1452 947 insigne
1474 862 1648 947 optigerat.

504 965 634 1029 Patrem
661 987 753 1028 suum
780 963 888 1028 videre
917 963 978 1027 sibi
1007 964 1077 1026 visa
1105 967 1175 1028 erat
1202 967 1313 1046 aperto
1339 967 1434 1047 atque
1462 964 1549 1027 edito
1582 963 1650 1028 loco

504 1067 672 1131 sublimem
695 1067 797 1151 ungui
820 1069 852 1130 et
873 1067 935 1129 lavi
952 1065 1036 1128 Iovis
1053 1068 1086 1128 et
1100 1064 1182 1130 Solis
1197 1066 1356 1142 manibus.
1394 1065 1522 1128 Harioli
1545 1068 1651 1129 autem

503 1169 622 1233 laetam
645 1171 677 1231 et
698 1168 852 1252 pinguem
873 1168 1037 1231 fortunam
1059 1168 1245 1250 portendier
1266 1167 1390 1230 somnio
1412 1167 1649 1251 interpraetati.
1709 1198 1713 1205 -

505 1270 567 1334 sed
596 1291 690 1333 omne
724 1273 837 1347 contra
871 1269 987 1332 evenit.
1032 1267 1118 1332 Nam
1147 1269 1298 1351 deceptus
1332 1269 1372 1331 ab
1403 1268 1522 1332 Oroete
1555 1267 1651 1332 Perse

504 1370 688 1455 Polycrates
715 1375 891 1455 captusque
918 1371 953 1433 in
982 1391 1108 1434 crucem
1136 1370 1281 1433 sublatus
1309 1373 1367 1433 est.
1413 1369 1464 1432 Ita
1493 1371 1522 1433 ei
1552 1371 1651 1434 cruci-

505 1468 575 1536 a'nti
597 1473 757 1536 somnium
779 1470 986 1559 expelditum.
1032 1470 1216 1559 Manibus]¹
1240 1477 1320 1536 Iocis
1341 1492 1409 1536 cum
1426 1479 1549 1551 plueret
1567 1478 1651 1536 lucu·

505 1580 605 1652 batur,
631 1596 651 1636 α
665 1580 941 1659 soleunpuebutur,
967 1578 1037 1638 dum
1060 1581 1125 1652 ipse
1140 1595 1156 1637 e
1170 1595 1301 1653 corpore
1315 1579 1468 1638 tumorem
1491 1581 1650 1638 emitteret.

505 1674 609 1739 Huius
629 1673 790 1762 ¹[fabulae]
820 1697 949 1739 exorsus
974 1725 980 1738 .
1008 1725 1014 1738 .
1039 1676 1119 1739 bent
1142 1726 1149 1739 .
1176 1726 1182 1739 .
1207 1675 1389 1739 interdum²
1414 1726 1420 1740 .
1447 1726 1454 1739 .
1501 1675 1578 1739 Non
1605 1679 1653 1739 est

506 1776 729 1840 exsultandum
761 1778 861 1840 nimia
895 1780 928 1840 et
958 1776 1085 1840 diutina
1117 1777 1346 1860 prosperitate,
1380 1778 1480 1860 l³nec,
1516 1777 1544 1840 si
1578 1778 1653 1861 quid

505 1878 607 1941 malae
629 1900 759 1963 pugnae
779 1878 949 1960 acciderit,
979 1877 1267 1943 defetiscendum⁴r
1295 1879 1350 1942 sed
1372 1879 1542 1942 victoriam
1564 1879 1652 1942 brevi

505 2002 608 2062 spera.
655 1979 800 2063 Namque
823 2001 948 2063 semper
969 1980 1004 2043 in
1033 1981 1127 2043 rebus
1149 1979 1251 2064 gestis
1265 1980 1421 2044 Romanis
1445 1981 1576 2045 crebrae
1590 1980 1652 2044 for·
1691 1989 1694 1999 ’

504 2084 656 2144 tuncrum
679 2082 944 2146 commutationes
967 2083 1189 2171 exstiterrmt⁵.
1566 2168 1568 2171 v

590 2183 667 2258 Quis
690 2184 737 2247 ita
759 2185 891 2268 ignarus
915 2187 964 2247 est
985 2183 1172 2248 bellicarum
1187 2184 1423 2267 memoriarum,
1448 2184 1503 2267 qui
1523 2184 1652 2269 ignoret

504 2285 657 2368 populum
680 2285 861 2349 Romanum
888 2307 955 2349 non
982 2286 1089 2348 minus
1113 2286 1255 2348 cadendo
1283 2307 1378 2369 quam
1406 2285 1569 2349 caedendo
1595 2286 1650 2348 irn-

504 2386 629 2469 perium
650 2386 837 2470 peperisse?
862 2387 1005 2470 legiones
1028 2389 1155 2450 nostras
1178 2409 1272 2469 saepe
1296 2393 1391 2451 uictas
1405 2389 1581 2470 captasque
1604 2410 1651 2450 ar·

504 2493 581 2551 tibus
603 2487 810 2551 barbarorum
832 2486 925 2550 esse?
968 2486 1119 2561 Quamvis
1145 2539 1151 2551 .
1178 2538 1184 2551 .
1211 2539 1217 2551 .
1244 2489 1274 2551 ‚⁶
1295 2490 1401 2551 truces
1428 2488 1516 2552 tauri
1545 2489 1651 2572 subigi

504 2589 668 2672 irmgendo
691 2589 874 2672 domarique
896 2592 1044 2672 potuere:
1077 2612 1253 2674 praequam
1275 2591 1378 2653 nostri
1401 2590 1562 2654 exercitus
1584 2590 1650 2653 illi⁷

505 2690 698 2774 subiugum
720 2691 809 2754 missi
831 2694 921 2773 sunt3
945 2691 999 2754 sed
1022 2692 1147 2755 eosdem
1169 2691 1251 2775 illos,
1281 2692 1335 2774 qui
1358 2692 1417 2754 sub
1443 2692 1557 2776 iugum
1580 2712 1650 2775 ege·
1681 2724 1682 2728 ,

505 2795 595 2874 rant,
631 2792 727 2875 paulo
754 2796 827 2875 post
855 2796 931 2857 ante
960 2793 1159 2877 triumphum
1186 2795 1289 2856 nostri
1316 2815 1410 2877 egere
1445 2797 1478 2857 et
1507 2793 1651 2876 captivos

493 2893 564 2956 ‘sub
588 2915 704 2957 corona
726 2895 906 2958 vendidere.
1197 2890 1198 2896 ἵ

533 3009 540 3025 “
590 2995 667 3059 Post
705 2995 909 3060 Cannensem
948 2998 1070 3060 cladem
1109 2997 1235 3059 Poenus
1269 2998 1444 3079 imperator
1482 2996 1651 3059 anulorum
1702 3040 1704 3042 -

505 3118 683 3180 aureorum,
708 3120 785 3182 quos
802 3100 902 3162 caesis
926 3098 1126 3182 aequitibusl
1141 3098 1296 3161 Romanis
1312 3098 1412 3162 Poeni
1430 3099 1649 3179 detraxerant,

504 3203 570 3263 tres
592 3198 713 3262 modios
742 3200 918 3264 cumulatos
944 3201 1032 3263 misit
1060 3199 1322 3282 Carthaginem
1368 3199 1430 3264 Sed
1457 3221 1524 3263 non
1551 3200 1651 3263 multo

531 3391 535 3403 '
589 3403 606 3440 a
624 3390 658 3438 In
676 3392 802 3454 nrarpine:
822 3386 890 3440 Tres
903 3386 1011 3440 modios
1025 3387 1170 3440 anulorum
1184 3386 1339 3440 cumulatos
1351 3385 1492 3440 Hannibal
1506 3403 1651 3441 caesorum

505 3471 628 3540 equitum
647 3472 837 3525 Romanorum
856 3473 925 3540 aput
942 3470 1165 3538 Thrasymenum
1184 3470 1380 3540 Carthaginem
1400 3470 1483 3524 misit.

591 3641 694 3694 1Hinc
716 3657 803 3706 usque
826 3641 862 3693 ad
883 3642 967 3694 finem
992 3639 1114 3708 paginae
1142 3640 1238 3694 decem
1265 3656 1359 3694 versus
1385 3639 1502 3708 periere.
1543 3641 1652 3696 Reiecit

504 3725 680 3780 Heindorfius
698 3725 892 3793 supplementa
907 3723 985 3790 Maii,
1004 3724 1035 3776 ut
1053 3722 1135 3776 nimis
1152 3723 1257 3793 inepta.
1287 3725 1386 3791 Itaque
1402 3724 1579 3794 ineptissima
1597 3725 1651 3780 siut

505 3826 617 3864 necesse
637 3810 688 3872 est,
707 3809 730 3861 si
748 3825 783 3862 ne
801 3808 905 3863 Fronto
925 3808 1037 3875 quidem
1055 3825 1089 3862 ca
1107 3808 1229 3862 scribere
1247 3808 1380 3877 potuerit.

590 3901 605 3948 2
624 3893 728 3962 Supple
745 3895 803 3947 fere
821 3911 906 3946 unum
923 3894 952 3946 in
969 3893 1012 3946 his
1030 3892 1136 3946 lacunis
1154 3897 1270 3946 versum.
1308 3897 1402 3947 Maius.

590 3986 606 4034 3
623 3977 725 4046 Incipit
743 3976 809 4031 Cod.
828 3995 855 4045 p.
875 3983 933 4045 221,
951 3980 1078 4032 obscura.

589 4069 604 4117 4
622 4063 666 4117 lta
683 4062 781 4116 Maius.
818 4062 929 4116 Amicus
945 4061 1027 4116 vidit:
1052 4068 1095 4117 dei
1105 4067 1258 4116 (diccendum
1275 4063 1320 4116 vel
1338 4083 1368 4116 uc
1379 4104 1385 4116 .
1398 4104 1404 4116 .
1415 4069 1562 4118 lucendum.

590 4149 667 4202 5Ita
686 4147 786 4214 Codex,
806 4147 854 4200 sed
871 4148 1036 4217 plerumque
1054 4147 1112 4201 sine
1130 4167 1157 4200 s:
1176 4152 1325 4203 extiterunt.
1701 4175 1702 4178 ¹

419 4232 423 4241 ¹
589 4239 605 4286 6
623 4232 749 4301 Legitur:
769 4229 899 4295 Quamvis
919 4275 924 4285 .
945 4277 950 4286 .
972 4275 977 4285 .
997 4230 1142 4286 lEACTCl
1161 4273 1167 4284 .
1186 4230 1313 4284 RUGES.
1349 4231 1441 4285 Possis
1460 4250 1539 4286 sane:
1560 4238 1639 4297 Quam

506 4324 541 4371 vis
557 4323 634 4384 focile
648 4327 705 4371 astu
718 4329 809 4370 truces.
842 4315 896 4369 Sed
908 4317 990 4384 plura
1009 4316 1175 4384 corrigenda
1192 4317 1339 4370 remanent
1356 4318 1384 4369 et
1403 4317 1468 4368 sunt
1485 4317 1514 4369 in
1533 4334 1649 4385 sequen-

504 4403 579 4456 tibus
602 4418 673 4470 quae
695 4402 724 4456 in
743 4401 842 4455 Codice
865 4417 921 4454 non
945 4400 1063 4468 amplius
1081 4401 1138 4468 legi
1158 4402 1281 4470 possunt.
1316 4400 1409 4453 Veluti
1427 4403 1588 4469 suspectum
1607 4404 1649 4456 est

505 4487 573 4539 illud
592 4492 681 4543 nostri.
716 4485 903 4538 Heindorfius:
934 4488 1048 4550 Quamuis
1071 4485 1175 4538 viribus
1199 4485 1305 4540 feroces
1329 4490 1397 4540 tauri
1417 4490 1500 4555 subigi
1522 4492 1647 4554 iungendo

506 4577 652 4640 dorucrr'que
670 4582 791 4638 potuera·
809 4577 892 4624 nostri
908 4575 1039 4623 exercitus
1057 4571 1108 4623 cet.

591 4661 605 4709 7
624 4654 728 4708 Codex:
746 4660 794 4708 sili.

589 4739 666 4797 Slta
685 4737 785 4797 Codex.
