4142 5659
495 658 538 722 40
707 654 743 709 M.
759 652 929 710 CORNELII
948 649 1155 709 FRONTONIS
1174 649 1431 708 EPISTULARUM

716 912 1424 998 <uoonnmurnonron1s
1503 893 1505 898 ’

337 1115 359 1151 .
522 1057 871 1158 arisnmnnuu‘
884 1085 950 1159 no
976 1086 1024 1158 u.
1051 1084 1303 1158 cunsnnnn
1329 1085 1390 1157 nn
1416 1085 1619 1159 nuvium

912 1252 968 1315 LI
983 1251 1011 1315 B
1026 1252 1055 1316 Ε
1070 1252 1100 1315 R
1136 1252 1221 1340 III.)

753 1541 754 1545 ,
833 1474 864 1538 Ι.
900 1458 1044 1539 Caesari
1067 1469 1139 1540 Suo
1161 1473 1309 1540 Fronto.

586 1662 592 1674 .
620 1661 626 1673 .
654 1661 659 1672 .
687 1660 693 1672 .
719 1609 845 1692 (oratio,
869 1610 933 1672 nisi
956 1609 1163 1694 gravitatell¹
1187 1610 1356 1673 verborum
1377 1610 1577 1692 honestatur,
1607 1611 1646 1674 fit

499 1714 594 1796 plane
617 1713 777 1796 inpudens
800 1714 895 1794 atque
916 1711 1079 1794 inpudica.
1125 1711 1272 1795 Denique
1293 1711 1379 1775 idem
1400 1713 1466 1794 tu²‚
1491 1733 1588 1795 quom
1609 1713 1646 1776 in

500 1818 614 1878 senatu
645 1814 696 1877 vel
724 1814 759 1876 in
794 1812 943 1876 contione
976 1813 1087 1896 populi
1115 1814 1284 1876 dicendum
1311 1813 1390 1895 fuit,
1425 1813 1514 1877 nullo
1547 1814 1646 1877 verbo

499 1915 668 1979 remotiore
691 1937 766 1978 usus
788 1937 837 1996 es,
864 1913 953 1978 nulla
975 1915 1080 1999 figura
1102 1915 1236 1978 obscura
1259 1917 1316 1978 aut
1336 1915 1504 1979 insolenti:
1532 1918 1569 1979 ut
1591 1916 1647 2000 qui

500 2017 582 2080 scias
608 2015 823 2100 eloquentiam
852 2015 997 2080 Caesaris
1024 2016 1121 2080 tubae
1149 2016 1285 2079 similem
1313 2038 1381 2079 csse
1414 2017 1544 2099 debere,
1579 2038 1647 2080 non

500 2119 663 2199 tibiarum,
687 2119 722 2181 in
745 2119 859 2202 quibus
880 2119 987 2182 minus
1010 2120 1060 2181 est
1082 2118 1170 2200 soni,
1194 2117 1266 2201 plus
1289 2117 1518 2182 difficultatis.

617 2357 670 2421 ll.
708 2353 882 2422 Aurelius
905 2357 1034 2422 Caesar
1056 2355 1233 2421 Frontoni
1257 2352 1330 2422 Suo
1353 2353 1529 2424 Salutem.

543 2504 549 2518 ¹
586 2490 687 2576 Saepe
709 2495 742 2555 te
764 2492 843 2554 mihi
865 2493 982 2555 dixisse
1005 2493 1082 2575 scio,
1106 2514 1259 2576 quaerere
1282 2496 1314 2556 te
1337 2494 1413 2576 quid
1435 2493 1573 2556 maxime
1598 2493 1647 2556 fa-

502 2616 589 2658 ceres
616 2596 746 2678 gratum
779 2593 875 2656 mihi:
908 2594 942 2656 id
974 2596 1100 2676 tempus
1131 2615 1219 2657 nuno
1246 2595 1352 2676 adest3
1366 2652 1369 2656 .
1385 2616 1472 2658 nunc
1507 2616 1648 2658 amorem

503 2718 580 2780 erga
602 2699 634 2760 te
657 2717 763 2759 meum
786 2716 904 2779 augere
926 2698 1028 2778 potes,
1055 2695 1082 2759 si
1105 2697 1215 2779 augeri
1237 2699 1355 2780 potest.
1397 2696 1649 2780 Adpropinquat

503 2797 656 2882 cognitio⁷
679 2797 714 2859 in
736 2819 799 2880 qua
822 2797 966 2860 homines
988 2818 1056 2860 non
1078 2797 1171 2860 modo
1194 2798 1372 2861 orationem
1394 2801 1484 2861 tuam
1506 2798 1648 2882 benigne
1687 2823 1702 2855 <1

503 2899 653 2980 audituri,
691 2899 746 2960 sed
783 2899 1043 2981 indignationem
1078 2899 1221 2981 maligne
1253 2900 1448 2985 spmtatum³
1485 2900 1646 2963 videntur.
1700 2903 1706 2912 ‘

503 3000 615 3084 Neque
637 2999 737 3062 ullum
760 2999 861 3082 vide0‚
895 3001 950 3084 qui
976 3003 1009 3063 te
1036 3001 1072 3064 in
1094 3003 1155 3063 hac
1183 3022 1217 3064 re
1239 3022 1369 3063 monere
1391 3002 1543 3064 audeat⁴2
1571 3023 1649 3064 nam

505 3103 559 3186 qui
582 3103 694 3165 minus
729 3102 823 3165 amici
857 3105 950 3184 sunt,
984 3101 1111 3165 malunt
1138 3106 1170 3165 te
1197 3102 1400 3185 inspectare⁵
1433 3103 1649 3166 incestantius

471 3204 671 3288 (lugentem
698 3205 752 3286 qui
776 3207 884 3267 autem
905 3204 1009 3288 magis
1032 3205 1128 3267 amici
1150 3206 1237 3285 sunt,
1266 3206 1415 3267 metuunt
1437 3227 1478 3267 ne
1501 3205 1649 3268 adversa-

502 3305 550 3368 rio
572 3308 628 3369 tuo
651 3305 837 3369 amiciores6
865 3327 933 3369 esse
960 3306 1141 3387 videantur,
1171 3306 1198 3368 si
1224 3308 1257 3368 te
1285 3305 1326 3367 ab
1349 3306 1553 3369 accusatione
1582 3306 1649 3369 eius

502 3407 633 3490 propria
655 3409 711 3469 tua
739 3407 918 3470 abducant:
952 3410 1022 3470 tum
1051 3409 1157 3469 autern
1186 3407 1212 3468 si
1241 3408 1326 3489 quod
1353 3410 1389 3469 tu
1420 3408 1455 3470 in
1489 3429 1559 3470 eam
1582 3430 1649 3471 rem

503 3509 625 3571 dictum
648 3508 827 3604 elffiantius
849 3507 1022 3570 meditatus
1054 3529 1097 3588 eS,
1126 3529 1184 3590 per
1206 3508 1370 3571 silentium
1393 3510 1567 3572 dictionem
1596 3533 1649 3572 au-

503 3610 588 3672 ferre
602 3608 663 3671 tibi
678 3631 745 3672 non
760 3608 930 3671 sustinent.
956 3608 1046 3671 Adeo
1062 3609 1128 3672 sive
1147 3609 1174 3696 [⁷
1190 3613 1226 3671 tu
1240 3631 1291 3672 me
1303 3610 1509 3673 temerarium
1526 3610 1649 3674 consul-

589 3815 657 3864 alu
675 3816 802 3878 muryine:
828 3811 995 3878 Eloquentia
1019 3809 1144 3864 Caesaris
1172 3799 1257 3866 tubae
1284 3813 1369 3867 debet
1392 3813 1488 3867 similis
1512 3831 1571 3867 esse
1594 3829 1650 3866 non

504 3896 598 3961 tibiae,
617 3894 666 3948 ubi
683 3894 773 3947 minus
791 3895 851 3947 soni
868 3895 931 3963 plus
950 3897 1121 3950 difficultatis
1139 3898 1188 3951 est.

590 4115 722 4184 lIncipit
750 4113 901 4179 Quaternio
933 4117 1067 4186 septimus
1098 4116 1164 4171 Cod.
1183 4117 1246 4171 Vat.
1270 4136 1297 4187 p.
1319 4124 1374 4172 126.
1429 4117 1538 4172 Omissa
1559 4119 1650 4174 Maius

506 4200 654 4270 supplevit.

592 4285 696 4339 ando.
717 4303 769 4339 sec.
794 4304 829 4338 m.
852 4298 886 4340 tu.

502 4363 506 4371 ¹
591 4369 690 4424 300d.
710 4389 751 4440 pr.
771 4389 807 4424 m.
827 4378 950 4440 spectari.

590 4461 606 4507 4
625 4453 691 4508 cod.
710 4473 752 4524 pr.
772 4473 808 4508 m·
828 4461 948 4510 audeaut.

591 4545 606 4592 5
624 4539 738 4594 Rectius
756 4542 874 4595 fortasse
892 4551 1019 4608 spectare.

591 4629 607 4676 6
626 4622 692 4677 cod.
711 4644 753 4694 pr.
774 4644 809 4679 m.
831 4631 943 4680 amicior.

592 4715 606 4761 7
624 4708 726 4778 Incipit
744 4708 809 4763 Cod.
829 4709 893 4763 Vat.
912 4726 939 4777 p.
956 4715 1011 4764 125.
