4142 5659
667 655 716 708 AD
735 655 772 708 Μ.
791 654 1011 710 ANTONINUM
1029 652 1077 709 DE
1094 655 1334 720 ELOQUENTIA.
1518 659 1579 725 149

518 828 701 909 Εὔφραναε,
726 827 986 909 ὑπερεύφραναε,
1011 828 1112 895 curleo
1134 828 1214 905 μοι’.

516 927 606 1003 Quod
634 928 745 991 librari
773 950 872 991 manu
901 928 1040 1011 epistula
1063 929 1183 992 scribta
1206 934 1254 993 est
1260 980 1269 1013 7
1299 955 1318 994 a
1346 932 1456 998 labore
1483 936 1576 1019 gravi

428 1031 542 1114 digitis
566 1029 711 1094 consului
734 1028 787 1112 qui
811 1032 887 1094 0001
908 1030 972 1093 iam
995 1028 1030 1092 in
1053 1030 1244 1113 suspicione.

666 1267 740 1332 ΙΙΙ.
783 1265 965 1333 Antonino
988 1265 1151 1350 Augusto
1173 1268 1339 1335 Fronto².

515 1422 663 1497 Quid.
689 1424 849 1484 scrutetur
870 1444 997 1504 qua..
1028 1443 1175 1504 propera
1220 1421 1333 1506 Neque
1363 1425 1542 1489 balbam
1513 1450 1574 1491 vrr-

418 1512 549 1608 Ι010001,
574 1545 655 1606 quae
678 1522 808 1587 vestalis
831 1522 890 1600 sit,
914 1524 984 1606 oapi
1008 1525 1060 1586 fas
1082 1526 1140 1605 est,
1165 1545 1269 1607 neque
1291 1524 1538 1592 sirbenam³.

429 1674 706 1689 .........
752 1624 860 1688 Verba
889 1624 927 1687 de
949 1573 1204 1688 balbutientibus
1225 1628 1375 1708 ponenda
1396 1629 1507 1692 varie⁴
1532 1680 1539 1693 .
1566 1681 1572 1694 .

426 1727 535 1790 miuus
552 1777 559 1789 .
579 1721 868 1790 ,balbuttientium
888 1727 1010 1790 vitium³
1032 1726 1082 1788 his
1097 1725 1199 1790 ferme
1214 1727 1319 1791 verbis
1335 1728 1573 1813 significatum:

426 1851 488 1893 vox
510 1828 676 1911 impedita,
700 1849 761 1891 vox
784 1827 904 1909 vineta,
928 1849 989 1890 vox
1011 1827 1164 1909 difficilis,
1191 1849 1252 1891 vox
1269 1828 1409 1918 [fracta]‚
1433 1853 1493 1894 vox
1515 1833 1573 1896 im-

425 1931 580 2014 perfecta,
605 1951 665 1993 vox
689 1929 819 1992 absona.
852 1927 913 1991 His
930 1928 1092 1993 contraria
1114 1930 1282 2012 quaerenti
1305 1931 1364 1995 tibi
1388 1933 1574 1998 subvenisse

427 2036 551 2096 eertum
573 2031 692 2094 habeo:
728 2051 790 2094 vox
813 2030 977 2113 expedita,
1006 2052 1067 2093 vox
1091 2030 1252 2114 absoluta,
1283 2054 1343 2097 vox
1365 2033 1488 2117 facilis,
1512 2058 1573 2099 vox

427 2131 607 2221 [perfecta]‚
632 2154 691 2199 vox
718 2129 899 2244 [amabilisl.
945 2131 1015 2194 Tua
1036 2153 1122 2195 vox.
1142 2153 1244 2196 .vere
1268 2182 1276 2197 .
1302 2183 1309 2196 .
1335 2183 1342 2197 .
1366 2157 1433 2198 000
1457 2185 1464 2199 .
1491 2186 1498 2199 .
1522 2137 1573 2201 his

425 2236 641 2299 omnibus.
668 2233 866 2317 percensio
896 2232 938 2296 sit
962 2280 1536 2302 ..................
1548 2239 1573 2320 16

425 2337 524 2400 Voeis
551 2335 734 2399 modulatae
757 2337 916 2398 amatores
943 2334 1065 2418 primas
1088 2334 1213 2398 audisse
1235 2298 1385 2400 10000101
1407 2360 1481 2402 aves
1504 2361 1571 2402 ver-

425 2461 485 2502 nas
506 2437 579 2501 1000
602 2458 712 2520 opace.
757 2435 836 2499 Post
821 2438 915 2518 tpas
917 2439 1002 2499 tores
1024 2458 1136 2500 reeens
1165 2438 1301 2521 repertis
1323 2437 1439 2504 fistulis
1462 2462 1495 2503 se
1519 2441 1572 2504 ad-

426 2563 486 2625 que
509 2562 606 2623 peeus
629 2538 846 2602 oblectabant.
892 2537 990 2601 Visae
1011 2538 1138 2602 fistulae
1159 2538 1274 2624 longe⁷
1298 2540 1408 2604 avibus
1429 2542 1569 2605 modula-

425 2643 554 2706 tiores.
581 2691 588 2705 .
617 2640 886 2704 murmurantium
916 2639 1069 2724 l³voeulis
1097 2640 1133 2703 in
1160 2640 1237 2736 1000ι
1261 2642 1459 2725 eloquentiae
1488 2644 1571 2707 oble-

426 2747 565 2809 utantur.

509 2845 653 2909 Ennium
668 2844 796 2917 deinde
825 2847 858 2906 et
879 2843 1015 2906 Aeoium
1044 2847 1077 2906 et
1098 2843 1302 2907 Lueretium³
1331 2826 1484 2928 ampliore
1506 2847 1571 2909 iam

425 2950 552 3033 mugitu
574 2945 779 3031 personantis
802 2947 912 3008 tamen
934 2945 1085 3008 tolerant.
1567 3013 1569 3015 ,

509 3051 555 3113 At
582 3048 639 3112 ubi
667 3047 800 3111 Catonis
828 3050 861 3110 et
889 3044 1033 3110 Sallustii
1061 3049 1094 3109 et
1116 3046 1201 3110 'Pulli
1229 3047 1308 3110 tuba
1335 3048 1486 3111 exaudita
1508 3054 1568 3129 est,

423 3151 588 3235 trepidant
610 3151 643 3212 01
664 3151 784 3230 pavent
812 3151 845 3211 et
865 3148 977 3231 fugam
998 3147 1120 3234 frustra
1144 3147 1350 3211 meditantur.
1396 3149 1481 3212 Nam
1502 3150 1569 3214 illie

423 3273 547 3337 quoque
569 3251 605 3313 in
628 3248 850 3333 philosophiae
873 3248 1051 3331 disciplinis
1058 3299 1067 3330 ‚
1094 3249 1149 3311 ubi
1170 3252 1277 3312 tutum
1300 3249 1360 3313 sibi
1383 3251 1568 3335 perfugium

422 3356 555 3438 putant,
579 3351 725 3415 Platonis
747 3348 939 3437 fonelmatla
963 3353 1058 3413 erunt
1080 3349 1248 3413 audienda.
1276 3394 1277 3397 κ

508 3609 525 3645 0
543 3596 576 3644 In
595 3594 722 3658 margine:
741 3586 846 3652 Quibus
864 3587 1006 3641 vocabulis
1024 3586 1201 3656 appellentur
1219 3586 1331 3641 sirbeni.

509 3782 522 3829 1
541 3777 585 3830 Ita
601 3774 702 3829 Maius,
718 3773 839 3827 'Amicus
852 3790 866 3826 e
880 3772 980 3828 Codice
999 3773 1068 3827 nihil
1086 3774 1218 3840 enotavit,
1237 3774 1284 3827 sed
1303 3774 1379 3828 aliud
1397 3775 1465 3843 quid
1481 3776 1568 3830 latere

421 3861 602 3917 manifestum
621 3861 675 3925 est3
694 3877 719 3913 v.
740 3876 761 3912 0.
782 3858 962 3925 rettuderunt
979 3876 1028 3913 (οι.
1061 3859 1126 3913 Mox
1144 3875 1195 3928 pro
1213 3879 1285 3912 manu
1302 3877 1345 3928 pr.
1364 3878 1400 3914 m.
1420 3880 1524 3914 manum.

508 3954 523 4000 2
543 3943 695 4013 Sequentia
717 3942 868 3996 admodum
892 3943 1010 3997 obseura
1028 3944 1094 3996 0001
1110 3946 1223 4012 praeter
1241 3944 1296 3997 duo
1314 3946 1406 4013 prima
1422 3946 1567 3999 voeabula.

507 4038 523 4085 3
540 4030 618 4084 Haeo
635 4028 774 4082 sententia
792 4045 807 4082 e
826 4026 954 4096 margine
972 4029 1023 4081 est.
1060 4028 1101 4081 De
1119 4044 1187 4082 voce
1205 4032 1320 4082 sirbenue
1343 4032 1375 4082 cf.
1396 4029 1466 4082 Cell.
1486 4030 1507 4084 l.
1527 4036 1566 4082 12.

506 4121 523 4168 4
542 4113 669 4180 Quinque
687 4113 757 4166 haee
775 4113 862 4166 verba
873 4111 902 4165 in
914 4112 1043 4180 margine
1057 4115 1133 4178 sunt,
1151 4128 1241 4179 neque
1260 4113 1328 4166 satis
1347 4115 1457 4166 constat
1474 4115 1568 4167 utrum

313 4263 321 4273 Ι
421 4201 477 4255 0101
499 4200 613 4254 etextu
631 4197 783 4266 exscripta,
808 4213 844 4251 an
866 4196 959 4265 potius
983 4196 1080 4250 scholii
1101 4214 1179 4250 more
1201 4196 1312 4262 addita;
1339 4196 1388 4249 sed
1405 4196 1459 4250 hoc
1476 4199 1567 4266 magis

420 4285 531 4340 videtur
549 4285 585 4337 ob
604 4283 741 4337 variatam
760 4280 990 4350 orthographiam
1008 4285 1103 4334 baldari
1122 4297 1174 4351 pro
1192 4286 1306 4335 balbula.
1341 4286 1436 4337 Maius.

506 4374 521 4422 5
540 4369 662 4422 Tantum
680 4366 769 4420 estin
787 4364 887 4420 Codice
905 4364 1033 4434 spatium.
1066 4369 1161 4419 Maius.

506 4461 522 4508 6
540 4451 672 4520 Sequitur
690 4450 757 4505 Cod.
776 4469 802 4519 p.
823 4456 880 4513 314,
900 4467 971 4519 quae
989 4450 1096 4505 interiit
1112 4451 1226 4519 praeter
1242 4467 1332 4520 pauea
1349 4451 1378 4503 in
1396 4453 1530 4522 margine.

507 4544 521 4592 7
541 4537 647 4591 Codex:
672 4542 769 4604 longae.

506 4627 522 4676 8
539 4621 642 4688 Incipit
659 4620 725 4674 Cod.
745 4621 772 4689 p.
792 4627 851 4675 373.

506 4706 583 4760 9110
602 4704 696 4760 Codex
714 4704 803 4759 amieo
822 4705 952 4759 exhibere
971 4704 1045 4758 visus
1064 4707 1113 4771 est,
1130 4705 1205 4760 Maio
1224 4711 1378 4761 Lueretium.

1172 4974 1193 5022 q
