4142 5659
624 675 673 732 Ao
692 676 729 732 M.
744 673 936 732 CAESAREM
954 675 1000 731 ET
1019 673 1171 732 INVICEM
1188 674 1297 773 DIBER
1314 674 1347 732 V.
1528 680 1567 743 81

715 868 717 874 ·
754 849 854 920 XIV.
879 849 935 914 29.
969 849 1122 915 Domino
1144 847 1231 914 Meo.

505 984 683 1068 Cervicum,
707 986 855 1075 Domine,
880 985 986 1048 dolore
1009 986 1187 1069 gravisum
1211 985 1405 1068 correptus¹,
1430 986 1468 1049 de
1487 987 1567 1069 pede

419 1091 509 1153 dolor·
533 1089 678 1151 decessit.
723 1086 805 1150 Vale
827 1086 965 1149 Domine
988 1088 1118 1170 optime.
1163 1086 1336 1149 Dominam
1359 1087 1472 1149 saluta.

666 1254 744 1322 XV.
768 1256 824 1322 30.
858 1256 1031 1338 Magistro
1054 1256 1129 1322 Meo
1153 1252 1327 1322 Salutem.

505 1393 672 1458 Cervicum
701 1393 823 1455 dolores
852 1393 878 1454 si
901 1385 999 1455 tertia
1026 1393 1171 1475 quoque²
1200 1392 1250 1455 die
1278 1392 1475 1475 remiserint,
1506 1394 1567 1457 erit

325 1515 327 1517 ’
418 1496 503 1580 quod
525 1516 630 1559 meam
652 1495 839 1558 redeuntem
861 1494 1079 1557 valetudinem
1110 1495 1263 1556 maiorem
1289 1494 1325 1556 in
1353 1495 1482 1557 modum
1513 1496 1566 1558 ad-

417 1598 516 1680 iuvet,
540 1598 585 1660 mi
608 1597 772 1680 magister.
797 1595 875 1658 Lavi
898 1598 931 1659 et
952 1595 1046 1658 hodie
1069 1594 1122 1658 et³
1143 1595 1303 1658 ambulavi
1319 1596 1460 1679 paulum,
1486 1598 1566 1660 eiv‘i1

330 1705 334 1712 '
418 1699 514 1782 paulo
542 1698 615 1781 plus
642 1699 773 1781 sumpsi,
809 1697 952 1760 nondum
979 1699 1089 1759 tamen
1118 1696 1238 1759 libente
1266 1697 1439 1784 stomacho,
1485 1698 1566 1763 Vale

329 1822 331 1825 ·
418 1801 462 1862 mi
485 1800 713 1863 iucundissime
736 1799 901 1882 magister.
947 1796 1053 1860 Mater
1075 1819 1146 1860 mea
1168 1800 1200 1860 te
1223 1796 1352 1861 salutat.

653 1969 753 2034 XVI.
778 1966 834 2032 31.
868 1965 1042 2049 Magistro
1064 1966 1140 2032 lieo
1164 1964 1340 2033 Salutem.

503 2104 606 2180 Quom
627 2105 688 2168 tibi
710 2105 899 2168 etiamtum
922 2103 1060 2167 eervices
1076 2103 1246 2186 doluerint,
1271 2125 1333 2186 quo
1355 2104 1473 2168 mihei⁵
1489 2110 1565 2170 scri-

418 2209 520 2290 beres,
544 2230 610 2271 non
631 2202 762 2290 possum
790 2227 890 2289 aequo
919 2205 1025 2268 animo
1047 2205 1142 2287 ferre,
1171 2228 1274 2289 neque
1303 2228 1380 2269 sane
1410 2208 1482 2271 volo
1511 2213 1567 2272 aut

418 2310 527 2374 debeo,
571 2310 643 2394 Ego
666 2312 783 2390 autem,
807 2307 991 2370 iuvantibus
1014 2311 1124 2370 votum
1146 2310 1238 2370 tuum
1261 2308 1339 2389 deis,
1363 2309 1450 2371 lavi6
1472 2309 1566 2374 hodie

418 2415 451 2474 et
475 2412 536 2474 civi
558 2414 715 2495 quantum
738 2412 788 2472 sat
811 2411 881 2472 erat
904 2410 989 2492 cepi:
1012 2409 1087 2472 vino
1110 2410 1208 2472 etiam
1229 2408 1368 2473 libenter
1384 2433 1460 2474 usus
1484 2434 1563 2476 sum.

417 2512 500 2576 Vale
522 2513 566 2575 mi
588 2512 816 2575 iucundissime
838 2512 1002 2594 magister.
1047 2510 1153 2573 Mater
1174 2531 1245 2573 mea
1266 2513 1299 2574 te
1322 2511 1451 2575 salutat.

745 2679 865 2746 XVII.
888 2679 945 2746 32.
977 2680 1130 2746 Dourino
1152 2680 1240 2746 Meo.

376 2903 380 2910 ι
503 2815 638 2881 Dolores
665 2817 792 2900 quidem
826 2817 984 2909 cervicum
1016 2815 1098 2879 nihil
1126 2817 1334 2899 remiserunt,
1369 2819 1425 2882 sed
1458 2822 1566 2885 animo

418 2919 501 2982 bene
528 2919 606 3001 fuit,
642 2918 732 2982 eum⁷
760 2921 792 2982 te
820 2919 935 2981 balneo
964 2921 996 2981 et
1023 2919 1099 2981 vino
1121 2918 1260 2982 libenter
1290 2941 1384 2982 usum
1418 2924 1562 3005 cognovi.

419 3019 500 3084 Vale
523 3018 669 3083 Domine.
714 3019 887 3083 Dominam
909 3020 1022 3083 saluta.

736 3171 876 3238 xuni.
899 3171 956 3237 aa.
988 3141 1142 3237 nomino
1164 3117 1251 3238 ira.

505 3308 700 3374 Gravissimo
724 3309 830 3372 dolore
863 3309 1008 3392 inguinis
1043 3331 1114 3372 sum
1144 3312 1310 3391 arreptus,
1329 3309 1354 3392 l⁸
1369 3330 1432 3392 quo
1461 3313 1565 3376 omnis
1650 3306 1655 3315 ’

419 3411 508 3474 dolor
530 3433 549 3473 a
571 3410 663 3474 dorso
686 3413 719 3473 et
740 3411 857 3474 lumbis
888 3410 1045 3474 incubuit.
1090 3409 1171 3473 Vale
1199 3410 1346 3474 Domine.
1391 3410 1565 3477 Dominam

419 3513 534 3577 saluta.

649 3647 754 3713 XIX.
779 3646 835 3712 34.
869 3646 1042 3730 Magistro
1064 3647 1140 3713 Meo
1164 3643 1338 3714 Salutem.

504 3782 651 3848 Doluisse
667 3787 700 3847 te
715 3784 871 3868 inguina⁰
888 3805 1057 3868 cognosce,
1073 3785 1118 3846 mi
1133 3785 1303 3870 magister,
1327 3789 1359 3850 et
1375 3782 1447 3851 cum
1462 3810 1564 3853 recor-

506 3970 608 4023 lAdd.
627 3988 670 4038 pr.
689 3988 725 4024 m.
744 3991 803 4024 anm.

505 4055 581 4108 alta
600 4054 702 4108 Codex.

504 4139 655 4193 3Videtur
679 4140 808 4194 deletum.
845 4143 939 4196 Maius.
985 4139 1137 4208 Perperam
1158 4139 1247 4193 Maius
1269 4140 1393 4194 affirmat
1413 4141 1443 4195 in
1462 4143 1563 4200 Codice

418 4222 541 4276 deletum
559 4240 617 4277 esse
637 4236 662 4277 et
679 4216 769 4278 hodie.

503 4314 520 4362 4
538 4307 643 4362 Codex:
663 4319 713 4362 aut.

504 4399 519 4446 5
536 4392 580 4446 Ita
590 4391 692 4459 Codes,
705 4393 753 4446 sed
767 4410 820 4465 see.
831 4411 867 4446 m.
882 4413 930 4462 quo
943 4398 1009 4447 criti.
1032 4392 1204 4461 Schopenus:
1218 4391 1298 4457 Quod
1307 4397 1393 4446 titi-
1403 4412 1487 4463 quom
1496 4404 1562 4453 auiti.

503 4483 518 4530 6
535 4476 599 4529 Non
617 4477 683 4531 satis
702 4479 828 4547 apparet,
847 4477 913 4546 quid
930 4496 973 4547 pr.
992 4495 1028 4530 m.
1049 4477 1165 4531 dederit.

503 4566 517 4615 7
537 4561 604 4615 Cod.
622 4578 664 4630 pr.
684 4579 720 4614 m.
740 4583 804 4631 qum.

502 4649 517 4698 8
536 4645 636 4715 Incipit
655 4645 721 4699 Cod.
740 4646 804 4700 Vat.
823 4665 850 4715 p.
866 4653 922 4701 loa.

471 4769 473 4771 »
502 4735 517 4783 9
535 4729 707 4784 Eoksteinius
724 4731 841 4784 mavult:
860 4737 968 4800 inguine.

452 4849 553 4885 FRONT.
566 4850 601 4885 ΕΤ
614 4850 717 4889 tonan.
732 4851 822 4891 amar.
