4142 5659
488 670 529 734 28
700 667 737 721 Μ.
752 665 920 721 CORNELII
938 655 1146 719 FRONTDNIS
1164 661 1420 719 EPISTULARUM

489 862 592 904 sermo
615 840 707 904 nobis
723 841 864 922 superte
881 841 1009 902 exortus
1026 840 1075 902 est
1089 837 1191 900 multo
1205 836 1368 920 multoque
1383 835 1521 920 longior,
1538 859 1635 920 quam

488 942 549 1005 tibi
571 946 603 1007 et
618 942 779 1026 quaestori
800 943 856 1004 tuo
879 940 918 1004 de
940 963 1001 1004 me.
1025 939 1139 1023 Itaque
1162 961 1222 1003 nec
1243 939 1304 1001 tibi
1327 939 1437 1001 dubito
1459 939 1577 1002 ibidem
1600 941 1635 1002 111

488 1044 558 1106 foro
591 1043 645 1106 diu
677 1043 798 1107 tinnise
831 1041 998 1106 auriculas.
1061 1041 1247 1124 Donprobat
1279 1040 1380 1124 igItur
1412 1039 1568 1103 Dominus
1603 1044 1636 1104 et

489 1148 576 1208 amat
599 1166 720 1227 causas,
756 1147 888 1228 propter
915 1166 994 1228 quas
1022 1143 1247 1210 recitationem
1275 1144 1366 1207 tuam
1398 1143 1432 1207 in
1454 1142 1636 1230 longiorem

489 1247 571 1312 diem
595 1248 758 1334 protulisti
786 1297 792 1313 .
820 1297 826 1312 .
853 1247 878 1313 ‚¹

716 1504 789 1570 ΙΙΙ.
835 1502 1024 1590 (Aurelius
1048 1503 1176 1570 Caesar
1199 1502 1403 1585 Frontoni).

573 1656 677 1721 ²Saue
711 1657 813 1740 siquid
849 1656 963 1720 Graeci
996 1659 1120 1719 veteres
1148 1655 1213 1718 tale
1243 1656 1459 1738 scripserunt,
1496 1656 1637 1720 viderint

489 1759 564 1841 qui3
587 1759 703 1841 sciunt,
728 1779 798 1842 ego,
824 1759 850 1821 si
872 1759 922 1820 fas
946 1761 994 1820 est
1009 1758 1131 1840 dicere,
1152 1779 1212 1820 nec
1227 1757 1271 1820 M.
1289 1758 1438 1821 Porcium
1461 1759 1530 1821 tam
1552 1758 1635 1822 bene

488 1860 742 1943 vituperantem,
767 1882 862 1943 quam
884 1860 940 1923 tu4
963 1858 1117 1942 laudasti,
1142 1881 1276 1942 usquam
1299 1858 1434 1922 advorti.
1470 1859 1497 1923 Ο
1521 1859 1548 1921 si
1571 1859 1635 1923 Do-

488 1961 594 2024 minus
617 1983 705 2024 meus
729 1963 807 2025 satis
829 1960 953 2024 laudari
976 1963 1094 2043 posset,
1118 1960 1263 2044 profecto
1287 1983 1306 2023 a
1326 1963 1360 2023 te
1383 1961 1462 2024 satis
1484 1961 1634 2025 laudatus

489 2063 588 2125 esset!
619 2065 723 2129 Τοῦτο
746 2067 783 2129 τὸ
808 2065 905 2142 ἔργον
930 2064 968 2127 οὐ
991 2065 1110 2139 γίνεται
1133 2068 1200 2128 νῦν.
1234 2061 1373 2125 Facilius
1396 2062 1467 2145 quis
1483 2061 1633 2146 Phidian,

489 2163 615 2227 facilius
638 2164 787 2248 Apellen,
811 2164 939 2227 facilius
968 2163 1104 2246 denique
1133 2164 1238 2246 ipsum
1260 2163 1501 2228 Demosthenen
1529 2165 1635 2229 imita-

489 2268 539 2328 tus
562 2265 676 2348 fuerit,
707 2269 762 2329 aut
788 2267 893 2349 ipsum
916 2265 1088 2346 Catonem,
1119 2286 1213 2347 quam
1242 2264 1303 2328 hoc
1329 2266 1398 2327 tam
1427 2265 1574 2330 effectum
1603 2270 1635 2330 et

489 2367 688 2431 elaboratum
710 2390 799 2450 opus.
823 2366 914 2430 Nihil
937 2387 997 2450 ego
1019 2388 1171 2449 umquam
1194 2365 1326 2450 cultius,
1352 2362 1434 2430 nihil
1458 2368 1633 2452 antiquius

488 2467 568 2531 nihil
594 2469 762 2551 conditius
787 2468 868 2531 nihil
891 2468 1023 2530 latinius
1045 2467 1120 2551 legi.
1146 2467 1173 2531 Ο
1196 2470 1228 2530 16
1251 2466 1413 2531 hominem
1429 2469 1558 2532 beatum
1574 2470 1635 2534 hae

489 2569 670 2652 eloquentia
692 2569 888 2653 praeditum!
913 2569 940 2633 Ο
963 2591 1013 2633 me
1042 2568 1204 2633 hominem
1226 2569 1357 2631 beatum
1381 2569 1456 2633 huic
1477 2573 1635 2656 magistro

487 2671 660 2734 traditum!
707 2694 724 2736 0
749 2672 991 2751 tarxerprtpurofl
1020 2671 1161 2737 ordire!
1185 2691 1204 2732 0
1227 2669 1406 2753 elegantia!
1436 2693 1455 2734 0
1482 2671 1586 2754 lepos!
1615 2696 1634 2736 ο
1683 2704 1686 2710 ·

487 2774 654 2837 venustas!
678 2795 696 2836 o
718 2772 829 2836 verba!
854 2773 993 2836 enitor!
1018 2771 1214 2855 oargutiae!
1238 2770 1430 2836 okharitesl
1459 2774 1633 2851 occantur

487 2875 651 2937 comnia!
686 2873 892 2956 Nevaleam,
922 2874 986 2937 uisi
1013 2873 1121 2957 aliqua
1149 2870 1200 2935 die
1227 2873 1341 2957 virga⁵
1368 2873 1403 2936 in
1431 2896 1546 2936 manus
1573 2874 1634 2939 tibi

488 2975 645 3038 tradenda
667 2979 746 3058 erat,
770 2975 916 3039 diadema
937 2974 1251 3058 circumponendum,
1274 2974 1418 3038 tribunal
1433 2976 1633 3058 ponendum:

487 3078 556 3138 tum
578 3098 694 3158 praeco
716 3078 820 3140 omnis
843 3099 902 3140 nos
926 3077 1056 3140 citaret:
1080 3075 1155 3159 quid
1171 3097 1229 3138 nos
1251 3075 1347 3139 dico?
1369 3078 1473 3142 omnis
1489 3077 1632 3160 inquam,

487 3177 667 3262 philologos
690 3182 722 3242 et
745 3179 880 3242 disertos
903 3178 997 3242 istos:
1021 3198 1075 3240 eos
1098 3181 1134 3240 tu
1151 3177 1295 3260 singulos
1317 3177 1409 3261 virga
1432 3180 1632 3262 perduceres

488 3278 594 3342 verbis
617 3300 773 3343 moneres
819 3279 900 3342 Mihi
931 3279 1035 3343 adhuc
1059 3279 1165 3342 nullus
1193 3281 1297 3341 metus
1325 3277 1418 3342 huius
1446 3280 1633 3344 monitionis

487 3380 607 3465 erat316
629 3380 731 3443 multa
754 3384 924 3463 supersunt
947 3383 983 3443 ut
1006 3380 1041 3442 in
1063 3378 1172 3442 ludum
1195 3382 1285 3442 tuum
1300 3380 1413 3462 pedem
1430 3380 1630 3446 introferam.

486 3479 577 3544 Haec
600 3503 672 3544 cum
695 3503 819 3544 summa
841 3481 1052 3544 festinatione
1075 3480 1115 3543 ad
1136 3482 1169 3543 te
1192 3481 1312 3544 scribo:
1341 3503 1417 3544 nam
1445 3503 1541 3564 quom
1568 3483 1632 3545 Do-

486 3581 566 3644 mini
594 3582 675 3644 mei⁷
710 3582 751 3644 ad
777 3584 810 3645 te
843 3580 1016 3663 epistulam
1035 3582 1198 3646 mitterem
1232 3585 1301 3646 tam
1334 3581 1521 3666 benignam,
1556 3584 1632 3667 quid

485 3682 564 3745 meis
587 3682 786 3766 longioribus
808 3682 925 3746 litteris
948 3705 1026 3765 opus
1060 3684 1158 3746 erat?
1202 3683 1308 3768 Igitur
1329 3684 1416 3766 vale,
1446 3683 1541 3767 decus
1570 3685 1632 3748 elo·

571 3902 588 3938 a
606 3889 639 3938 In
658 3890 783 3953 marpz'ne:
805 3928 810 3938 .
831 3928 836 3937 .
858 3928 862 3938 .
885 3929 890 3939 .
909 3886 1037 3954 pre-ium
1055 3887 1114 3940 tam
1132 3888 1204 3940 bene

731 4048 733 4051 v
802 4014 807 4023 .
829 4013 834 4022 .
856 4013 861 4023 .
883 4012 888 4022 .
907 3972 1032 4026 orantem
1050 3989 1134 4039 quam
1151 3972 1183 4024 tu
1199 3970 1322 4025 laudasti

801 4072 953 4123 numquam
971 4055 1087 4109 adverti.

507 4145 691 4152 <Vq-...-

572 4214 585 4260 1
603 4206 765 4262 Desiderari
781 4206 911 4261 videntur
928 4207 1049 4277 paginae
1068 4208 1195 4275 quatuor.

572 4298 587 4345 2
605 4291 706 4360 Incipit
723 4291 790 4346 eod.
809 4292 872 4346 Vat.
893 4297 991 4360 p.168.

570 4383 586 4430 3
605 4375 669 4430 Cod.
689 4395 730 4446 pr.
750 4395 787 4430 m.
806 4397 879 4446 qzrae.

569 4467 585 4514 4
604 4455 669 4514 Cori.
689 4479 731 4535 pr.
750 4480 786 4515 m.
806 4473 857 4514 tac.

571 4552 586 4600 5
604 4544 664 4599 Sec.
682 4563 718 4599 m.
739 4544 917 4614 superposuit
934 4551 1027 4614 aliqua.
1109 4564 1113 4573 ·

570 4636 585 4683 6
603 4630 704 4699 Incipit
722 4628 788 4684 Cod.
807 4630 934 4683 Ambros.
954 4648 981 4698 p.
997 4634 1054 4682 167.

570 4721 584 4767 7
603 4714 675 4767 Puta
692 4713 770 4768 illam
788 4713 936 4782 epistulam
955 4730 1026 4780 quae
1046 4715 1089 4767 est
1107 4715 1228 4769 secunda
1245 4714 1274 4769 in
1291 4715 1363 4770 libro
1376 4715 1412 4768 ad
1424 4715 1512 4769 Pium.
1533 4721 1628 4773 Maius.
