4142 5659
612 659 661 714 AD
680 659 716 715 M.
731 626 924 714 CAESAREM
942 660 989 714 ΕΤ
1007 660 1160 715 INVICEM
1176 661 1284 715 LIBER
1302 661 1361 714 llll.
1524 663 1562 726 71

684 897 790 964 vul.
823 899 996 980 Magistro
1018 899 1094 964 Meo
1109 854 1292 965 Salutem.

502 1036 688 1100 Adventum
719 1038 812 1098 tuum
845 1035 924 1098 mihi
957 1035 1059 1098 frater
1074 1038 1161 1098 tuus
1189 1057 1293 1118 nuper
1326 1036 1560 1114 εὐηγγελίεατο.

416 1136 518 1220 Cupio
545 1136 726 1200 mehercule
753 1137 855 1220 possis
883 1137 1007 1219 venire,
1044 1137 1127 1220 quod
1155 1136 1258 1199 salute
1283 1140 1340 1199 tua
1367 1138 1439 1200 fiat:
1470 1160 1563 1221 spero

415 1239 502 1302 enim
523 1241 617 1320 fore„
633 1243 669 1302 ut
692 1239 788 1303 etiarn
810 1239 987 1302 valetudini
1009 1261 1099 1302 meae
1127 1242 1316 1320 conspectus
1341 1242 1415 1302 tuus
1443 1240 1562 1324 aliquid

416 1342 575 1405 conferat:
605 1342 655 1406 Εἰ(
676 1344 792 1420 ὄμματ’
821 1342 918 1406 εὔνου
942 1342 1054 1421 φωτὸς
1076 1341 1232 1420 ἐμβλέψαι
1258 1342 1367 1419 γλυκύ,
1396 1343 1562 1420 Εὐριπίδη(
1586 1415 1588 1419 y

415 1442 477 1505 ait'
503 1443 627 1526 opinor.
662 1443 734 1526 Ego
756 1435 1067 1525 inpraesentiarum²
1090 1443 1136 1505 sic
1150 1464 1201 1531 me
1216 1442 1329 1524 habeo,
1354 1446 1391 1507 ut
1412 1443 1462 1506 vel
1485 1444 1562 1507 hinc

415 1545 587 1608 aestimata
609 1545 704 1607 facile
733 1544 775 1607 sit
803 1544 874 1626 tibi,
905 1543 988 1627 quod
1016 1543 1096 1607 haec
1124 1545 1291 1630 praecaria
1318 1567 1417 1607 manu
1444 1545 1559 1608 scribo.

415 1646 499 1710 Sane
522 1647 650 1738 quidem
672 1647 756 1730 quod
778 1645 818 1708 ad
840 1646 923 1709 vires
947 1645 1081 1727 adtinet,
1105 1646 1267 1728 incipiunt
1282 1647 1398 1709 redire:
1422 1647 1562 1729 pectoris

414 1748 512 1810 etiam
535 1747 624 1810 dolor
638 1747 745 1810 nullus
761 1747 921 1830 residuus3
944 1747 1034 1810 ulcus
1051 1750 1157 1810 autem
1172 1746 1251 1810 illud
1266 1749 1561 1814 ΑΠΕΡΓΑΝΣῘΑΙ3

413 1855 470 1927 τῆ(
492 1850 651 1929 ἀρτηρίαι
681 1849 749 1913 Nos
772 1848 912 1912 remedia
935 1848 1116 1932 experimur
1138 1852 1170 1912 et
1192 1850 1312 1933 nequid
1334 1871 1428 1932 opere
1450 1854 1561 1914 nostro

414 1947 553 2033 claudat,
578 1951 799 2035 advigilamus,
824 1951 848 2035 l⁴
864 1950 976 2034 Neque
1000 1950 1087 2014 enim
1110 1950 1174 2014 ulla
1197 1950 1260 2014 alia
1286 1973 1321 2014 re
1343 1951 1560 2016 tolerabiliora

412 2052 566 2115 diuturna
587 2053 790 2117 incommoda
812 2053 881 2115 fieri
911 2053 1026 2134 sentin,
1057 2074 1153 2135 quam
1176 2053 1374 2116 conscientia
1398 2075 1491 2116 curae
1514 2054 1559 2117 di-

410 2154 543 2238 ligentis
567 2157 598 2217 et
623 2154 857 2237 temperantiae
885 2154 1016 2217 medicis
1044 2154 1259 2237 obsequentis,
1305 2153 1411 2237 Turpe
1440 2155 1557 2238 alioqui

410 2255 510 2318 fuerit
538 2256 656 2319 diutius
684 2256 798 2320 vitium
827 2256 966 2339 corporis
995 2278 1092 2338 quam
1118 2255 1218 2318 animi
1245 2255 1386 2318 studium
1412 2257 1452 2320 ad
1479 2257 1556 2320 reci·

410 2358 587 2440 parandam
614 2358 786 2421 sanitatem
819 2379 912 2440 posse
947 2357 1073 2420 durare.
1127 2356 1206 2420 Vale
1212 2407 1221 2440 7
1258 2357 1301 2420 mi
1329 2358 1557 2422 iucundissime
1669 2412 1672 2423 s

410 2458 574 2543 magister.
621 2458 747 2523 Salutat
769 2462 800 2522 te
823 2462 926 2522 mater
947 2481 1029 2522 mea.
1251 2461 1255 2469 ’

786 2627 854 2694 ΙΧ.
892 2629 1044 2693 1)οωὶμο
1066 2627 1172 2693 moa

494 2766 616 2848 Accepi
638 2765 762 2828 litteras
784 2767 857 2827 tuas
881 2764 1119 2849 elegantissime
1142 2765 1289 2848 scriptas,
1313 2765 1428 2848 quibus
1450 2770 1485 2829 tu
1507 2767 1555 2830 in-

408 2866 543 2930 tervallo
566 2867 757 2930 desiderium
784 2867 965 2930 litterarum
987 2888 1131 2930 mearum
1153 2867 1300 2930 obortum
1322 2867 1383 2931 tibi
1405 2889 1473 2930 esse
1496 2869 1553 2931 ais,

408 2968 469 3032 Est
497 2968 599 3052 igitur
626 2991 701 3033 vera
729 2967 854 3032 Socrati
888 2968 1012 3052 opinio,
1048 2968 1208 3032 doloribus
1240 2969 1341 3031 ferme
1374 2969 1555 3052 voluptates

410 3083 567 3133 conexasa
589 3091 657 3133 esse
664 3120 673 3153 7
705 3093 777 3146 cum
801 3071 837 3133 in
861 3093 986 3134 carcere
1009 3071 1150 3133 dolorem
1173 3070 1339 3134 constricti
1361 3070 1480 3133 vinculi
1502 3093 1554 3133 vo-

407 3171 532 3254 luptate
554 3171 686 3235 resoluti
710 3176 931 3255 conpensaret.
961 3172 1045 3235 Item
1059 3172 1203 3255 profecto
1224 3172 1260 3234 in
1281 3171 1374 3234 nobis
1396 3174 1554 3255 quantum

406 3273 571 3336 molestiae
595 3273 751 3355 absentia,
780 3277 908 3338 tantum
937 3274 1091 3338 commodi
1122 3273 1227 3336 adfert
1260 3272 1450 3336 desiderium
1476 3273 1553 3336 inri-

406 3364 534 3437 tatum(
565 3374 651 3438 Nam
682 3376 873 3439 desiderium
906 3398 944 3439 ex
981 3397 1087 3439 amore
1121 3377 1179 3438 est.
1225 3364 1331 3457 Igitur
1359 3395 1446 3437 amor
1481 3378 1552 3437 cum

406 3476 561 3539 desiderio
584 3479 697 3540 auctus
720 3480 779 3559 est,
810 3478 893 3561 quod
916 3477 983 3540 est6
1010 3477 1045 3540 in
1067 3476 1209 3540 amicitia
1236 3475 1356 3538 multo⁷
1383 3477 1549 3558 optimum.

406 3573 489 3641 Tum
511 3579 594 3661 quod
617 3579 744 3668 quaeris
773 3579 812 3642 de
833 3579 1017 3642 valetudine
1040 3601 1121 3660 mea,
1151 3579 1217 3641 iam
1243 3578 1332 3660 prius
1360 3578 1551 3660 scripseram

405 3679 476 3763 tibi,
505 3701 556 3745 me
578 3680 700 3744 umeris
728 3680 835 3744 dolore
863 3683 1013 3744 vexatum
1042 3680 1089 3744 ita
1115 3680 1321 3744 vehementer
1348 3679 1485 3763 quidem,
1515 3683 1551 3743 ut

426 3863 429 3869 ¹
489 3852 557 3903 aln
575 3855 700 3918 morpine:
720 3848 829 3904 Socrati
847 3848 940 3918 opinio
959 3849 1001 3902 est
1019 3849 1162 3903 doloribus
1178 3849 1337 3918 voluptates
1350 3866 1408 3904 esse
1422 3866 1548 3904 conexas.

490 4041 502 4088 1
523 4034 589 4089 Cod.
610 4037 760 4090 secundum
777 4036 895 4090 Maium:
920 4037 1098 4110 ἐμβλέψεται,
1118 4037 1179 4104 Εὐρ.
1198 4047 1226 4090 ut
1243 4057 1284 4104 ομ.
1322 4034 1449 4089 Correxit
1466 4035 1549 4090 Scho-

397 4110 499 4188 ⁷penua
538 4121 577 4175 cf.
596 4122 661 4175 Eur.
681 4122 739 4175 Ion.
755 4127 817 4179 732.

489 4212 503 4258 2
521 4206 697 4260 Vocabulum
715 4206 866 4274 repetitum
883 4204 912 4258 in
930 4205 1066 4274 margine.

487 4299 502 4345 3
521 4292 564 4345 Ita
580 4291 670 4345 Maius
688 4290 741 4344 sibi
759 4290 853 4359 legere
871 4289 947 4343 visus
966 4292 1015 4344 est.
1052 4291 1180 4344 Fortasse
1199 4292 1394 4358 ἀπεξήρανται.

486 4381 503 4429 4
520 4375 621 4444 Incipit
639 4374 705 4429 cod.
724 4373 787 4428 Vat.
807 4393 834 4443 p.
850 4380 905 4429 183.
1343 4378 1346 4385 ¹

488 4467 502 4514 5
521 4461 552 4512 In
570 4459 664 4513 Indice
682 4459 752 4513 haec
770 4458 888 4528 epistola
907 4458 1053 4514 omittitur.

486 4543 590 4598 aAdd.
610 4561 662 4598 sec.
682 4562 718 4598 m.

487 4635 501 4682 7
520 4628 586 4682 Cod.
606 4646 647 4698 pr.
667 4646 703 4681 m.
722 4635 806 4685 ortella.

485 4718 501 4766 8
518 4712 608 4768 Maius
625 4713 703 4769 iubet
722 4714 840 4770 conferri
857 4712 1002 4786 Eutychen
1020 4732 1063 4786 ap.
1084 4715 1193 4771 Putsch.
1213 4733 1240 4785 p.
1255 4719 1330 4768 2312.
