4142 5659
449 641 450 644 =
513 685 535 746 4
649 722 652 729 .
720 679 757 732 M.
777 677 946 732 CORNELII
964 675 1173 730 FRONTONIS
1191 675 1448 730 EPISTULARUM

513 856 640 934 tenere,
671 851 775 933 ipsum
804 849 940 932 denique
968 847 1060 911 illum
1088 847 1231 931 pedem¹,
1264 849 1421 930 quantum
1448 847 1517 910 sine
1539 847 1661 910 incom-

514 954 606 1017 modo
628 953 697 1015 fieri
720 948 858 1035 ²'possit,
886 951 1065 1014 adtrectare
1094 950 1236 1031 sensim,
1259 950 1294 1013 in
1321 948 1437 1012 balneo
1458 948 1582 1032 fovere,
1611 950 1661 1013 in-

514 1054 673 1140 gredienti
695 1075 827 1116 manum
849 1052 1003 1115 subicere.
1042 1051 1087 1114 Et
1108 1054 1144 1114 tu
1165 1073 1217 1114 me
1240 1051 1378 1114 amicum
1393 1072 1498 1133 vocas,
1523 1051 1660 1133 quinon

515 1156 659 1239 abruptis
683 1154 855 1218 ³omnibus
884 1175 978 1216 cursu
1007 1153 1133 1216 concito
1160 1152 1313 1235 pervolo?
1356 1152 1428 1236 Ego
1455 1174 1530 1216 vero
1555 1152 1661 1235 magis

514 1281 585 1321 sum
608 1257 737 1320 claudus
760 1277 855 1339 quom
877 1256 940 1318 ista
962 1277 1033 1317 mea
1050 1254 1241 1317 verecundia
1256 1255 1353 1318 immo
1368 1255 1511 1338 pigritia.
1548 1254 1660 1317 Ome!

514 1359 590 1443 quid
613 1359 731 1421 dicam!
766 1360 873 1420 metuo
902 1357 1072 1440 quicquam
1101 1356 1222 1437 dicere,
1253 1357 1336 1439 quod
1364 1359 1400 1419 tu
1429 1357 1538 1419 audire
1560 1355 1660 1419 nolis:

514 1483 590 1523 narn
612 1462 648 1522 tu
663 1459 804 1542 'quidem
830 1480 882 1521 1111
909 1459 997 1521 omni
1025 1457 1118 1521 modo
1148 1458 1275 1520 conisus
1305 1479 1337 1520 es
1366 1458 1562 1520 iocularibus
1588 1457 1661 1519 istis

514 1563 578 1625 tuis
602 1582 639 1624 ac
666 1559 870 1643 lepidissimis
897 1560 1003 1623 verbis
1026 1583 1045 1623 a
1068 1581 1144 1623 cura
1166 1580 1329 1642 amovere,
1368 1562 1464 1640 atque
1492 1561 1524 1621 te
1552 1559 1662 1621 omnia

514 1665 577 1727 ista
599 1684 700 1746 aequo
723 1662 830 1724 animo
852 1661 877 1745 14
892 1661 1014 1744 perpeti
1038 1682 1131 1744 posse
1154 1661 1331 1724 ostendere.
1362 1660 1408 1724 At
1431 1681 1491 1743 ego
1514 1660 1569 1723 ubi
1592 1660 1660 1722 ani-

514 1787 585 1828 mus
608 1785 696 1827 meus
719 1764 771 1845 sit,
795 1763 918 1826 nescio:
951 1763 1013 1826 nisi
1036 1764 1098 1825 hoc
1125 1762 1207 1844 scic,
1236 1761 1311 1825 illo⁵
1333 1761 1442 1825 nescio
1470 1783 1532 1844 quo
1560 1762 1600 1823 ad
1627 1765 1661 1824 te
1750 1770 1753 1773 ’

515 1865 695 1949 profectum
725 1886 796 1927 eum
826 1885 903 1927 esse.
962 1863 1060 1946 Cura,
1099 1864 1249 1926 miserere
1259 1864 1280 1945 ὓ,
1319 1863 1406 1926 omni
1432 1863 1659 1946 temperantia,

518 1967 716 2050 apstinentia
738 1987 866 2028 omnem
881 1966 977 2029 istam
992 1966 1053 2029 tibi
1068 1987 1126 2048 pro
1141 1968 1197 2028 tua
1212 1965 1331 2028 virtute
1346 1965 1557 2047 tolerandam,
1582 1964 1661 2027 mihi

517 2090 591 2132 vero
636 2068 845 2151 asperrimam
890 2067 1181 2150 nequissimamque
1229 2065 1446 2129 valetudinem
1491 2066 1659 2149 depellere.

516 2170 560 2233 Et
582 2170 627 2233 lsi
649 2170 688 2232 ad
711 2190 810 2251 aquas
832 2167 1043 2251 proficisceris
1071 2171 1103 2230 et
1124 2168 1252 2251 quando
1274 2170 1306 2230 et
1326 2189 1414 2229 nunc
1440 2169 1477 2229 ut
1499 2169 1661 2231 commode

440 2269 442 2271 ’
517 2293 611 2355 agas,
647 2271 726 2352 cito,
751 2290 821 2352 oro,
846 2269 1007 2352 perscribe
1029 2269 1124 2350 mihi,
1149 2271 1181 2331 et
1203 2272 1344 2332 mentem
1366 2253 1471 2332 meam
1492 2269 1527 2333 in
1549 2273 1661 2353 pectus

516 2394 623 2435 meum
651 2392 780 2454 repone.
831 2370 902 2454 Ego
929 2371 1062 2433 interim
1093 2368 1143 2432 vel
1169 2369 1251 2432 tales
1284 2363 1358 2433 tuas
1385 2369 1508 2433 litteras
1536 2392 1662 2434 meeum

516 2474 660 2557 gestabo.
706 2464 804 2554 Vale,
828 2471 907 2534 mihi
930 2472 1050 2534 llronto
1078 2470 1336 2535 iucundissime⁸.
1388 2458 1588 2555 Quamquam
1614 2473 1661 2544 ita

515 2596 565 2637 me
589 2574 637 2636 dis
659 2573 786 2656 potius⁹
810 2573 914 2636 dicere
937 2575 1079 2655 oportet,
1102 2590 1179 2635 nam
1193 2576 1231 2635 tu
1246 2573 1374 2655 quidem
1393 2574 1559 2656 ¹⁰semper'
1571 2566 1660 2656 ades3
1671 2569 1693 2659 l·

515 2698 533 2758 o
557 2675 610 2759 qui
632 2674 749 2757 ubique
772 2674 849 2737 estis
872 2673 904 2736 di
926 2673 1013 2755 boni,
1038 2674 1145 2737 valeat
1167 2670 1222 2737 oro
1244 2696 1333 2737 meus
1356 2673 1476 2737 Fronto
1499 2675 1661 2738 iucundis-

587 2871 599 2912 1
618 2860 753 2933 Loquitur
770 2858 879 2912 Marcus
898 2859 932 2912 de
950 2859 1099 2913 Frontonis
1118 2859 1273 2925 arthritide,
1296 2860 1372 2912 cuius
1391 2876 1475 2928 saepe
1493 2861 1599 2913 mentio
1619 2865 1663 2914 est

515 2946 544 2998 in
562 2945 639 2998 hisce
657 2943 791 3013 epistulis,
808 2961 860 2998 nec
877 2961 933 2996 non
951 2943 1026 3012 apud
1044 2944 1251 2998 Artemidorum
1269 2943 1303 2997 de
1322 2961 1408 2997 somn.
1427 2944 1472 2998 IV.
1487 2951 1527 2998 24.
1557 2945 1661 2998 Gellius

511 3031 611 3084 autem
634 3028 668 3082 Π.
686 3033 719 3081 26
746 3027 849 3081 diserte
877 3030 974 3082 narrat
997 3045 1026 3081 se
1049 3027 1176 3082 invisisse
1198 3028 1369 3103 Frontonem
1392 3030 1519 3082 nostrum
1541 3029 1661 3097 pedibus

516 3130 639 3182 aegrum.
672 3118 766 3168 Maius.

583 3207 598 3252 2
616 3195 706 3252 Maius
723 3214 872 3268 perperam
889 3198 959 3266 legit
976 3210 1072 3266 posset.

584 3291 599 3337 3
618 3283 671 3337 Pro
682 3287 800 3348 omnibus,
813 3299 885 3350 quae
894 3281 1014 3335 Iacobsii
1028 3281 1188 3336 coniectura
1200 3284 1251 3348 est,
1261 3282 1351 3336 Maius
1363 3282 1392 3335 in
1403 3283 1503 3336 Codice
1517 3300 1546 3337 se
1558 3283 1662 3352 legisse

453 3386 456 3393 ’
515 3369 635 3422 testatur
653 3371 777 3427 clamitem,-
798 3382 896 3419 revera
918 3368 962 3419 est
985 3368 1098 3420 OGCJIB.
1122 3366 1172 3421 sed
1190 3367 1260 3421 (luae
1277 3367 1385 3436 primae
1403 3368 1514 3422 litterae
1538 3368 1662 3423 incertae

516 3454 587 3506 sunt.
631 3453 664 3505 cf.
684 3450 771 3519 Epist.
797 3451 834 3503 ad
851 3449 956 3503 Verum
973 3449 993 3503 l.
1007 3457 1031 3504 3.
1079 3451 1230 3505 Praeterea
1251 3451 1353 3505 Maius:
1377 3473 1452 3506 eursu
1475 3467 1503 3516 (1)
1509 3496 1572 3508 ,,,,,
1598 3471 1661 3506 111111

516 3536 607 3605 spatio
627 3536 746 3602 quatuor
769 3535 813 3587 vel
836 3532 957 3602 quinque
979 3533 1151 3588 litterarum:
1171 3538 1265 3602 itaque
1288 3553 1344 3590 non
1367 3537 1468 3589 sufficit
1486 3538 1561 3603 quod
1584 3539 1663 3590 dedit

516 3626 634 3675 inaximo.
669 3619 702 3671 In
720 3617 821 3686 Codice
844 3616 1025 3686 distinguitur
1049 3617 1158 3673 eol...
1183 3619 1258 3688 quod
1276 3619 1432 3673 0οΝοΙΤο
1466 3638 1525 3674 esse
1548 3622 1661 3687 conieci,

516 3705 550 3756 cf.
569 3704 664 3758 Front.
684 3703 718 3755 de
737 3701 854 3756 oration.
875 3701 948 3767 init.;
976 3704 1052 3769 quod
1069 3706 1097 3756 01
1116 3704 1338 3773 suprascribitm·,
1361 3706 1483 3773 pertinet
1501 3706 1537 3758 ad
1554 3706 1662 3760 variam

517 3789 665 3841 lectionem
682 3807 780 3854 mopso.
816 3785 967 3855 Sequentia
990 3787 1109 3842 obscura
1132 3790 1208 3842 sunt:
1232 3789 1306 3856 quod
1323 3789 1413 3843 Maius
1436 3791 1614 3859 suppleverat
1633 3796 1661 3850 O,

516 3874 592 3925 reete
609 3873 713 3940 legitur
730 3872 759 3924 in
778 3870 887 3925 Codice.

586 3962 602 4010 4
620 3957 722 4026 Incipit
740 3955 805 4009 Cod.
824 3957 952 4010 Ambros.
973 3976 1000 4026 p.
1014 3964 1056 4012 94.

586 4042 649 4095 aL.
667 4047 743 4096 illico.
769 4040 924 4095 Cramerus.
960 4042 997 4094 ut
1015 4049 1100 4096 neseio
1119 4048 1250 4111 qzromodo.
1280 4043 1430 4098 lacobsius.

585 4126 653 4179 eof.
673 4127 709 4179 ad
726 4125 763 4178 M.
784 4124 861 4179 Caes.
882 4125 912 4179 V.
927 4133 951 4180 3.

549 4219 553 4226 ’
585 4216 598 4264 7
619 4214 649 4264 Sr‘
665 4211 745 4264 deest
755 4210 784 4262 in
798 4210 906 4265 Codice.
926 4210 1016 4264 Maius
1026 4211 1173 4280 supplevit.
1199 4212 1290 4266 Possis
1304 4230 1427 4281 quoque:
1447 4220 1483 4266 ad
1499 4234 1563 4282 quos
1580 4236 1662 4284 aquas

514 4303 697 4365 proficiscaris.

583 4387 599 4434 8
618 4381 723 4435 Codex:
741 4387 943 4436 iucundissimae.
1015 4448 1018 4452 Δ

583 4473 598 4520 9
618 4465 722 4520 Codex:
742 4473 888 4535 dispositus,
926 4465 1051 4518 Correxit
1069 4465 1251 4522 Heindorlius¹

567 4557 598 4604 10
616 4551 648 4602 In
666 4549 766 4604 Codice
783 4551 927 4621 perierunt
949 4550 1047 4603 verba:
1071 4571 1171 4618 semper
1194 4574 1267 4606 aues:
1293 4558 1352 4606 trun
1375 4554 1478 4621 legitur
1495 4558 1516 4618 Q
1534 4561 1660 4624 pullique,

515 4635 565 4690 sed
582 4635 673 4704 prima
690 4634 785 4688 littera
801 4635 908 4688 incerta
927 4636 976 4688 est.
1008 4635 1078 4687 lllud
1097 4656 1156 4692 (roes
1174 4655 1229 4690 non
1247 4653 1360 4705 prorsus
1378 4637 1513 4703 intelligo.
1546 4640 1589 4691 An
1607 4658 1659 4708 pro

514 4725 583 4782 abes,
600 4722 631 4772 ut
649 4720 715 4772 alibi
733 4725 787 4773 civo
805 4737 856 4787 pro
875 4723 948 4772 cibo?
