4142 5659
523 669 582 731 138
670 666 706 719 M.
721 664 891 719 CORNELII
909 663 1118 718 FRONTONIS
1136 663 1248 718 EPIST.
1268 665 1318 717 ΑΙ)
1337 665 1464 718 VERUM
1481 666 1514 718 ll.

605 835 688 911 Quid
702 834 826 919 igitur?
848 834 924 917 quid
938 834 1095 916 inquam?
1118 840 1186 898 Nisi
1193 835 1200 873 ¹
1217 833 1495 918 Asclepiodotum,
1514 858 1587 899 cum
1603 859 1623 899 1
1639 840 1676 899 te

519 938 683 1020 probetur,
706 935 786 999 mihi
808 957 932 1018 quoque
954 935 1024 998 fieri
1047 935 1292 999 amicissimum:
1329 939 1398 998 tam
1420 936 1549 1000 hercule
1573 959 1675 1020 quam
1759 999 1767 1006 ,

520 1043 569 1102 est
590 1038 735 1102 Herodes
758 1059 899 1101 summus
921 1059 1009 1100 nunc
1031 1059 1136 1119 meus,
1160 1059 1354 1120 quamquam
1376 1041 1464 1101 extet
1485 1039 1599 1102 oratic.

605 1140 684 1224 Egit
716 1142 884 1222 praeterea
917 1160 1043 1202 mecum
1076 1139 1178 1202 frater
1205 1142 1280 1202 tuus
1307 1139 1459 1222 inpense,
1494 1140 1580 1223 quod
1609 1162 1675 1224 ego

519 1242 620 1305 multe
640 1241 807 1324 inpensius
830 1240 962 1324 adgredi
979 1239 1087 1322 cupio,
1111 1243 1144 1302 et
1165 1240 1221 1304 ubi
1242 1240 1382 1323 primum
1405 1243 1675 1305 commentarium

520 1342 654 1424 miseris,
680 1342 848 1426 adgrediar
870 1364 909 1406 ex
932 1343 1064 1405 summis
1086 1341 1261 1405 voluntatis
1284 1342 1412 1425 opibus:
1449 1365 1526 1405 nam
1555 1343 1594 1406 de
1622 1344 1674 1405 fa-

521 1444 641 1507 cultate
663 1446 732 1506 tute
755 1443 891 1525 videbis,
916 1444 972 1526 qui
994 1464 1045 1506 me
1066 1443 1218 1506 idoneum
1241 1443 1405 1506 censuisti.
1504 1437 1509 1442 ’

792 1767 804 1782 t
918 1679 964 1744 X.
988 1679 1162 1760 Magistro
1184 1680 1272 1745 llec.

604 1833 735 1898 Certum
758 1853 826 1895 esse
841 1835 890 1917 te,
914 1832 958 1894 mi
980 1830 1136 1915 magister
1160 1831 1334 1913 carissime,
1359 1830 1486 1894 etiamsi
1501 1833 1670 1914 reticeam,

519 1934 601 1997 nihil
616 1933 737 2015 dubit0,
755 1936 895 2016 quantae
910 1932 989 1995 mihi
1005 1933 1210 1996 acerbitatis²
1222 1933 1265 1996 sit
1279 1936 1336 1996 tua
1352 1932 1456 1995 omnis
1470 1933 1518 1995 vel
1533 1933 1671 1996 minima

519 2035 662 2099 tristitia.
708 2035 922 2118 Eniml³ver0
951 2056 1023 2098 cum
1046 2037 1085 2097 et
1105 2055 1238 2097 uxorem
1265 2055 1323 2116 per
1344 2037 1393 2097 tet
1422 2055 1525 2097 annos
1559 2057 1671 2098 caram

519 2139 551 2199 et
573 2139 724 2219 nepotem
746 2136 965 2199 dulcissimum
986 2157 1090 2219 paene
1113 2136 1207 2199 simul
1230 2134 1393 2198 amiseris⁴
1416 2137 1503 2198 maxi
1527 2185 1535 2200 .
1562 2187 1569 2198 .
1593 2140 1626 2200 te
1650 2160 1669 2200 1

518 2260 569 2301 me
594 2288 601 2301 .
628 2288 633 2300 .
658 2238 850 2322 magistrum
873 2238 974 2301 doctis
997 2238 1092 2301 dictis
1116 2235 1275 2300 consolari
1298 2237 1432 2300 audeam
1457 2287 1463 2299 .
1485 2287 1491 2299 .
1515 2240 1608 2300 tuam
1633 2288 1666 2300 ..

459 2396 464 2407 .
519 2341 635 2403 enim.
663 2341 793 2402 .tum.
821 2338 993 2402 ‚delibera
1023 2389 1029 2401 .
1057 2389 1096 2401 ..
1142 2338 1239 2401 Nune
1266 2339 1307 2401 ad
1334 2338 1456 2420 reliqua
1484 2339 1668 2403 litterarum

517 2444 646 2504 tuarum
669 2443 847 2504 convertar.
893 2440 1080 2504 Delectatus
1105 2489 1112 2502 .
1136 2461 1178 2502 ua
1200 2440 1262 2502 tn.
1290 2489 1296 2501 .
1321 2462 1405 2502 mem
1429 2489 1435 2501 .
1464 2441 1530 2503 ,111
1552 2462 1634 2525 grav
1659 2491 1665 2503 .

520 2591 526 2605 .
551 2542 625 2605 rit.
653 2592 659 2604 .
683 2545 751 2605 veri
776 2592 781 2603 .
810 2592 815 2603 .
844 2592 849 2604 .
896 2540 979 2616 Quid
1003 2539 1111 2629 [orlaa
1136 2541 1181 2603 mi
1203 2541 1382 2624 magister?
1407 2591 1412 2603 .
1434 2591 1439 2603 .
1464 2542 1528 2605 nisi
1551 2543 1606 2625 qui
1632 2592 1664 2604 ..

519 2665 538 2705 a
566 2664 616 2706 me
644 2664 761 2706 munus
790 2646 845 2705 aut
872 2664 914 2705 no
945 2693 951 2705 .
978 2692 984 2704 .
1008 2664 1079 2705 mus
1102 2642 1314 2725 defendisset,
1344 2665 1407 2726 qua
1434 2642 1461 2705 si
1490 2642 1599 2706 deficis
1625 2693 1631 2705 .
1658 2692 1664 2704 .

518 2744 594 2826 quid
617 2743 702 2806 aliud
725 2766 786 2828 ego
808 2744 930 2807 doctior
952 2743 1123 2827 quicquam
1146 2747 1202 2807 aut
1224 2748 1338 2827 expeto
1361 2747 1417 2808 aut
1436 2745 1561 2808 somnio
1580 2795 1586 2807 .
1605 2796 1611 2807 .
1632 2795 1664 2808 ..

605 2986 618 3033 1
637 2979 709 3033 Dedi
726 2980 876 3034 lectionem
892 2980 968 3048 Maii,
989 2979 1039 3034 sed
1057 2978 1166 3033 Codicis
1184 2981 1304 3049 vestigia
1320 2997 1377 3034 non
1394 2980 1579 3050 respondent:

874 3063 1211 3129 QUIDIu--IEREQ
1231 3108 1236 3117 .
1258 3108 1263 3117 .

907 3147 1116 3214 meulent.
1139 3192 1144 3202 .
1165 3191 1170 3201 .
1191 3147 1285 3202 .c1As

908 3231 1004 3286 CLEP.

518 3317 572 3372 Sed
592 3317 653 3385 quis
670 3319 741 3372 haee
758 3317 904 3387 expediet?

602 3400 712 3456 2Corr.
732 3406 875 3455 acerbitati.
913 3406 1087 3468 Heimlorfius.
1135 3392 1144 3409 '

603 3494 619 3541 3
636 3486 738 3555 Incipit
756 3484 822 3538 Cod.
841 3504 868 3554 p.
888 3491 952 3551 427,
972 3501 1044 3551 quae
1061 3485 1169 3539 interiit
1185 3489 1299 3554 praeter
1315 3489 1373 3540 tres
1391 3486 1496 3556 primos
1515 3505 1620 3540 versus.

569 3614 575 3647 :
601 3570 811 3624 4Heindcrfius
829 3569 934 3637 explet:
965 3575 1092 3633 11111111,
1122 3578 1239 3624 munima
1261 3570 1314 3624 tibi
1331 3570 1406 3626 vitae
1425 3571 1539 3637 solatia,
1563 3571 1662 3638 quibus

519 3671 571 3722 ego
589 3674 653 3723 may.
