<?xml version="1.0" encoding="UTF-8"?>
<!DOCTYPE html PUBLIC "-//W3C//DTD XHTML 1.0 Transitional//EN"
    "http://www.w3.org/TR/xhtml1/DTD/xhtml1-transitional.dtd">
<html xmlns="http://www.w3.org/1999/xhtml" xml:lang="en" lang="en">
 <head>
  <title>
</title>
<meta http-equiv="Content-Type" content="text/html;charset=utf-8" />
  <meta name='ocr-system' content='tesseract 3.04.00' />
  <meta name='ocr-capabilities' content='ocr_page ocr_carea ocr_par ocr_line ocrx_word'/>
</head>
<body>
  <div class='ocr_page' id='page_1' title='image "./mcorneliifronto02frongoog_0027.png"; bbox 0 0 4142 5659; ppageno 0'>
   <div class='ocr_carea' id='block_1_1' title="bbox 848 618 1565 693">
    <p class='ocr_par' dir='ltr' id='par_1_1' title="bbox 848 618 1565 693">
     <span class='ocr_line' id='line_1_1' title="bbox 848 618 1565 693; baseline 0.001 -21"><span class='ocrx_word' id='word_1_1' title='bbox 848 618 1129 676; x_wconf 80' lang='lat' dir='ltr'>Paornoonaru.</span> <span class='ocrx_word' id='word_1_2' title='bbox 1502 646 1565 693; x_wconf 68' lang='lat' dir='ltr'>m</span> 
     </span>
    </p>
   </div>
   <div class='ocr_carea' id='block_1_2' title="bbox 371 789 1565 980">
    <p class='ocr_par' dir='ltr' id='par_1_2' title="bbox 371 789 1565 980">
     <span class='ocr_line' id='line_1_2' title="bbox 371 789 1565 882; baseline 0.008 -27"><span class='ocrx_word' id='word_1_3' title='bbox 371 839 380 855; x_wconf 91' lang='lat'><strong>.</strong></span> <span class='ocrx_word' id='word_1_4' title='bbox 419 814 504 856; x_wconf 88' lang='lat' dir='ltr'>esse:</span> <span class='ocrx_word' id='word_1_5' title='bbox 544 790 661 874; x_wconf 88' lang='lat' dir='ltr'>probat</span> <span class='ocrx_word' id='word_1_6' title='bbox 695 789 841 854; x_wconf 74' lang='lat' dir='ltr'>Caesaris</span> <span class='ocrx_word' id='word_1_7' title='bbox 870 791 1039 865; x_wconf 84' lang='lat' dir='ltr'>consilium</span> <span class='ocrx_word' id='word_1_8' title='bbox 1069 795 1101 855; x_wconf 92' lang='lat' dir='ltr'>et</span> <span class='ocrx_word' id='word_1_9' title='bbox 1129 796 1298 876; x_wconf 88' lang='lat' dir='ltr'>profitetur</span> <span class='ocrx_word' id='word_1_10' title='bbox 1335 818 1368 860; x_wconf 92' lang='lat' dir='ltr'>se</span> <span class='ocrx_word' id='word_1_11' title='bbox 1400 798 1565 882; x_wconf 77' lang='lat' dir='ltr'><strong>ignorasse</strong></span> 
     </span>
     <span class='ocr_line' id='line_1_3' title="bbox 419 891 1564 980; baseline 0.006 -22"><span class='ocrx_word' id='word_1_12' title='bbox 419 893 565 958; x_wconf 77' lang='lat' dir='ltr'>Caesaris</span> <span class='ocrx_word' id='word_1_13' title='bbox 593 895 626 956; x_wconf 90' lang='lat' dir='ltr'>ct</span> <span class='ocrx_word' id='word_1_14' title='bbox 648 891 785 956; x_wconf 90' lang='lat' dir='ltr'>Herodis</span> <span class='ocrx_word' id='word_1_15' title='bbox 814 893 999 958; x_wconf 88' lang='lat' dir='ltr'>amicitiam.</span> <span class='ocrx_word' id='word_1_16' title='bbox 1045 894 1158 978; x_wconf 85' lang='lat' dir='ltr'>Itaque</span> <span class='ocrx_word' id='word_1_17' title='bbox 1186 899 1296 980; x_wconf 85' lang='lat' dir='ltr'>rogat,</span> <span class='ocrx_word' id='word_1_18' title='bbox 1326 900 1434 962; x_wconf 91' lang='lat' dir='ltr'>utrum</span> <span class='ocrx_word' id='word_1_19' title='bbox 1462 901 1496 963; x_wconf 91' lang='lat' dir='ltr'>in</span> <span class='ocrx_word' id='word_1_20' title='bbox 1524 901 1564 965; x_wconf 89' lang='lat' dir='ltr'>iis</span> 
     </span>
    </p>
   </div>
   <div class='ocr_carea' id='block_1_3' title="bbox 303 995 1564 1080">
    <p class='ocr_par' dir='ltr' id='par_1_3' title="bbox 303 995 1564 1080">
     <span class='ocr_line' id='line_1_4' title="bbox 303 995 1564 1080; baseline 0.007 -23"><span class='ocrx_word' id='word_1_21' title='bbox 303 1022 306 1025; x_wconf 95' lang='lat'>·</span> <span class='ocrx_word' id='word_1_22' title='bbox 419 1017 554 1079; x_wconf 89' lang='lat' dir='ltr'>quoque,</span> <span class='ocrx_word' id='word_1_23' title='bbox 579 1016 660 1078; x_wconf 87' lang='lat' dir='ltr'>quae</span> <span class='ocrx_word' id='word_1_24' title='bbox 683 1016 779 1057; x_wconf 89' lang='lat' dir='ltr'>causa</span> <span class='ocrx_word' id='word_1_25' title='bbox 800 995 952 1078; x_wconf 88' lang='lat' dir='ltr'>postulet,</span> <span class='ocrx_word' id='word_1_26' title='bbox 978 995 1095 1060; x_wconf 89' lang='lat' dir='ltr'>Caesar</span> <span class='ocrx_word' id='word_1_27' title='bbox 1110 997 1230 1080; x_wconf 87' lang='lat' dir='ltr'>aliquid</span> <span class='ocrx_word' id='word_1_28' title='bbox 1245 999 1474 1064; x_wconf 88' lang='lat' dir='ltr'>remittendum</span> <span class='ocrx_word' id='word_1_29' title='bbox 1496 1025 1564 1066; x_wconf 90' lang='lat' dir='ltr'>esse</span> 
     </span>
    </p>
   </div>
   <div class='ocr_carea' id='block_1_4' title="bbox 338 1095 1671 4641">
    <p class='ocr_par' dir='ltr' id='par_1_4' title="bbox 338 1095 1671 2588">
     <span class='ocr_line' id='line_1_5' title="bbox 419 1095 1671 1187; baseline 0.006 -26"><span class='ocrx_word' id='word_1_30' title='bbox 419 1098 564 1178; x_wconf 89' lang='lat' dir='ltr'>censeat,</span> <span class='ocrx_word' id='word_1_31' title='bbox 603 1119 645 1159; x_wconf 94' lang='lat' dir='ltr'>an</span> <span class='ocrx_word' id='word_1_32' title='bbox 675 1095 819 1159; x_wconf 84' lang='lat' dir='ltr'>sufficiat</span> <span class='ocrx_word' id='word_1_33' title='bbox 845 1096 929 1160; x_wconf 86' lang='lat' dir='ltr'>nihil</span> <span class='ocrx_word' id='word_1_34' title='bbox 961 1096 1077 1161; x_wconf 83' lang='lat' dir='ltr'>dixisse</span> <span class='ocrx_word' id='word_1_35' title='bbox 1106 1102 1197 1163; x_wconf 84' lang='lat' dir='ltr'>extra</span> <span class='ocrx_word' id='word_1_36' title='bbox 1225 1123 1362 1166; x_wconf 90' lang='lat' dir='ltr'>causam.</span> <span class='ocrx_word' id='word_1_37' title='bbox 1414 1103 1564 1187; x_wconf 82' lang='lat' dir='ltr'>Superior</span> <span class='ocrx_word' id='word_1_38' title='bbox 1669 1174 1671 1177; x_wconf 51' lang='grc'>,</span> 
     </span>
     <span class='ocr_line' id='line_1_6' title="bbox 419 1196 1609 1288; baseline 0.007 -26"><span class='ocrx_word' id='word_1_39' title='bbox 419 1197 555 1283; x_wconf 89' lang='lat' dir='ltr'>epistola</span> <span class='ocrx_word' id='word_1_40' title='bbox 585 1196 649 1260; x_wconf 85' lang='lat' dir='ltr'>fuit</span> <span class='ocrx_word' id='word_1_41' title='bbox 681 1198 786 1280; x_wconf 90' lang='lat' dir='ltr'>prima</span> <span class='ocrx_word' id='word_1_42' title='bbox 814 1199 958 1263; x_wconf 90' lang='lat' dir='ltr'>omnium</span> <span class='ocrx_word' id='word_1_43' title='bbox 981 1199 1126 1264; x_wconf 86' lang='lat' dir='ltr'>Caesaris</span> <span class='ocrx_word' id='word_1_44' title='bbox 1160 1201 1200 1264; x_wconf 90' lang='lat' dir='ltr'>ad</span> <span class='ocrx_word' id='word_1_45' title='bbox 1228 1201 1442 1288; x_wconf 76' lang='lat' dir='ltr'>Frontonem,</span> <span class='ocrx_word' id='word_1_46' title='bbox 1478 1210 1563 1270; x_wconf 87' lang='lat' dir='ltr'>certe</span> <span class='ocrx_word' id='word_1_47' title='bbox 1606 1228 1609 1234; x_wconf 89' lang='lat'>·</span> 
     </span>
     <span class='ocr_line' id='line_1_7' title="bbox 417 1299 1563 1390; baseline 0.005 -26"><span class='ocrx_word' id='word_1_48' title='bbox 417 1324 484 1364; x_wconf 93' lang='lat' dir='ltr'>non</span> <span class='ocrx_word' id='word_1_49' title='bbox 505 1299 626 1363; x_wconf 89' lang='lat' dir='ltr'>multae</span> <span class='ocrx_word' id='word_1_50' title='bbox 648 1299 898 1383; x_wconf 88' lang='lat' dir='ltr'>interciderunt,</span> <span class='ocrx_word' id='word_1_51' title='bbox 933 1322 1009 1363; x_wconf 89' lang='lat' dir='ltr'>nam</span> <span class='ocrx_word' id='word_1_52' title='bbox 1031 1304 1126 1385; x_wconf 85' lang='lat' dir='ltr'>rogat</span> <span class='ocrx_word' id='word_1_53' title='bbox 1147 1303 1325 1386; x_wconf 69' lang='lat' dir='ltr'>magister,</span> <span class='ocrx_word' id='word_1_54' title='bbox 1350 1308 1401 1388; x_wconf 84' lang='lat' dir='ltr'>ut,</span> <span class='ocrx_word' id='word_1_55' title='bbox 1438 1307 1563 1390; x_wconf 90' lang='lat' dir='ltr'>siquid</span> 
     </span>
     <span class='ocr_line' id='line_1_8' title="bbox 418 1401 1563 1491; baseline 0.004 -25"><span class='ocrx_word' id='word_1_56' title='bbox 418 1401 593 1487; x_wconf 87' lang='lat' dir='ltr'>discipulus</span> <span class='ocrx_word' id='word_1_57' title='bbox 617 1401 713 1466; x_wconf 88' lang='lat' dir='ltr'>adse</span> <span class='ocrx_word' id='word_1_58' title='bbox 736 1402 867 1484; x_wconf 89' lang='lat' dir='ltr'>scribat,</span> <span class='ocrx_word' id='word_1_59' title='bbox 892 1425 950 1466; x_wconf 87' lang='lat' dir='ltr'>sua</span> <span class='ocrx_word' id='word_1_60' title='bbox 971 1425 1070 1466; x_wconf 92' lang='lat' dir='ltr'>manu</span> <span class='ocrx_word' id='word_1_61' title='bbox 1093 1403 1223 1466; x_wconf 89' lang='lat' dir='ltr'>scribat.</span> <span class='ocrx_word' id='word_1_62' title='bbox 1268 1404 1352 1469; x_wconf 88' lang='lat' dir='ltr'>lllud</span> <span class='ocrx_word' id='word_1_63' title='bbox 1373 1427 1497 1491; x_wconf 88' lang='lat' dir='ltr'>quoque</span> <span class='ocrx_word' id='word_1_64' title='bbox 1517 1409 1563 1471; x_wconf 87' lang='lat' dir='ltr'>vi-</span> 
     </span>
     <span class='ocr_line' id='line_1_9' title="bbox 418 1504 1563 1588; baseline 0.003 -20"><span class='ocrx_word' id='word_1_65' title='bbox 418 1507 473 1569; x_wconf 87' lang='lat' dir='ltr'>des</span> <span class='ocrx_word' id='word_1_66' title='bbox 497 1504 694 1568; x_wconf 87' lang='lat' dir='ltr'>Frontonem</span> <span class='ocrx_word' id='word_1_67' title='bbox 715 1504 877 1588; x_wconf 80' lang='lat' dir='ltr'>ignorare,</span> <span class='ocrx_word' id='word_1_68' title='bbox 902 1508 1024 1588; x_wconf 88' lang='lat' dir='ltr'>quanta</span> <span class='ocrx_word' id='word_1_69' title='bbox 1047 1507 1132 1568; x_wconf 89' lang='lat' dir='ltr'>esset</span> <span class='ocrx_word' id='word_1_70' title='bbox 1153 1504 1238 1568; x_wconf 88' lang='lat' dir='ltr'>inter</span> <span class='ocrx_word' id='word_1_71' title='bbox 1261 1505 1429 1571; x_wconf 89' lang='lat' dir='ltr'>Caesarem</span> <span class='ocrx_word' id='word_1_72' title='bbox 1452 1513 1485 1572; x_wconf 91' lang='lat' dir='ltr'>et</span> <span class='ocrx_word' id='word_1_73' title='bbox 1499 1509 1563 1573; x_wconf 92' lang='lat' dir='ltr'>He-</span> 
     </span>
     <span class='ocr_line' id='line_1_10' title="bbox 417 1605 1564 1694; baseline 0.004 -24"><span class='ocrx_word' id='word_1_74' title='bbox 417 1607 527 1670; x_wconf 87' lang='lat' dir='ltr'>rodem</span> <span class='ocrx_word' id='word_1_75' title='bbox 550 1606 767 1688; x_wconf 78' lang='lat' dir='ltr'>necessitud03</span> <span class='ocrx_word' id='word_1_76' title='bbox 797 1607 881 1689; x_wconf 89' lang='lat' dir='ltr'>quod</span> <span class='ocrx_word' id='word_1_77' title='bbox 908 1609 1021 1689; x_wconf 90' lang='lat' dir='ltr'>postea</span> <span class='ocrx_word' id='word_1_78' title='bbox 1048 1605 1200 1689; x_wconf 86' lang='lat' dir='ltr'>ignorare</span> <span class='ocrx_word' id='word_1_79' title='bbox 1221 1630 1288 1672; x_wconf 92' lang='lat' dir='ltr'>non</span> <span class='ocrx_word' id='word_1_80' title='bbox 1310 1610 1431 1692; x_wconf 86' lang='lat' dir='ltr'>potuit,</span> <span class='ocrx_word' id='word_1_81' title='bbox 1460 1632 1564 1694; x_wconf 89' lang='lat' dir='ltr'>neque</span> 
     </span>
     <span class='ocr_line' id='line_1_11' title="bbox 417 1706 1564 1793; baseline 0.002 -20"><span class='ocrx_word' id='word_1_82' title='bbox 417 1708 591 1793; x_wconf 86' lang='lat' dir='ltr'>ignoravit,</span> <span class='ocrx_word' id='word_1_83' title='bbox 618 1729 689 1771; x_wconf 90' lang='lat' dir='ltr'>curn</span> <span class='ocrx_word' id='word_1_84' title='bbox 705 1707 865 1772; x_wconf 84' lang='lat' dir='ltr'>Graecam</span> <span class='ocrx_word' id='word_1_85' title='bbox 887 1706 1056 1790; x_wconf 88' lang='lat' dir='ltr'>epistolam</span> <span class='ocrx_word' id='word_1_86' title='bbox 1072 1708 1111 1770; x_wconf 89' lang='lat' dir='ltr'>ad</span> <span class='ocrx_word' id='word_1_87' title='bbox 1127 1707 1288 1772; x_wconf 88' lang='lat' dir='ltr'>Herodem</span> <span class='ocrx_word' id='word_1_88' title='bbox 1307 1711 1470 1775; x_wconf 75' lang='lat' dir='ltr'>scriberet.</span> <span class='ocrx_word' id='word_1_89' title='bbox 1503 1712 1564 1777; x_wconf 90' lang='lat' dir='ltr'>Sed</span> 
     </span>
     <span class='ocr_line' id='line_1_12' title="bbox 338 1808 1564 1896; baseline 0.002 -22"><span class='ocrx_word' id='word_1_90' title='bbox 338 1844 344 1853; x_wconf 36' lang='grc' dir='ltr'><em>τ</em></span> <span class='ocrx_word' id='word_1_91' title='bbox 416 1814 491 1895; x_wconf 87' lang='lat' dir='ltr'>post</span> <span class='ocrx_word' id='word_1_92' title='bbox 513 1831 633 1893; x_wconf 89' lang='lat' dir='ltr'>paucas</span> <span class='ocrx_word' id='word_1_93' title='bbox 656 1809 752 1874; x_wconf 88' lang='lat' dir='ltr'>horas</span> <span class='ocrx_word' id='word_1_94' title='bbox 775 1809 897 1873; x_wconf 87' lang='lat' dir='ltr'>Fronto</span> <span class='ocrx_word' id='word_1_95' title='bbox 919 1808 1092 1872; x_wconf 90' lang='lat' dir='ltr'>summittit</span> <span class='ocrx_word' id='word_1_96' title='bbox 1114 1809 1206 1893; x_wconf 90' lang='lat' dir='ltr'>epist.</span> <span class='ocrx_word' id='word_1_97' title='bbox 1229 1810 1289 1893; x_wconf 91' lang='grc' dir='ltr'>ΙΙΙ,</span> <span class='ocrx_word' id='word_1_98' title='bbox 1305 1812 1336 1894; x_wconf 91' lang='grc'>4,</span> <span class='ocrx_word' id='word_1_99' title='bbox 1360 1812 1395 1875; x_wconf 93' lang='lat' dir='ltr'>in</span> <span class='ocrx_word' id='word_1_100' title='bbox 1418 1835 1481 1896; x_wconf 90' lang='lat' dir='ltr'>qua</span> <span class='ocrx_word' id='word_1_101' title='bbox 1503 1814 1564 1876; x_wconf 89' lang='lat' dir='ltr'>dis-</span> 
     </span>
     <span class='ocr_line' id='line_1_13' title="bbox 418 1908 1564 1998; baseline 0.002 -22"><span class='ocrx_word' id='word_1_102' title='bbox 418 1912 560 1996; x_wconf 90' lang='lat' dir='ltr'>cipulum</span> <span class='ocrx_word' id='word_1_103' title='bbox 582 1914 693 1976; x_wconf 87' lang='lat' dir='ltr'>monet</span> <span class='ocrx_word' id='word_1_104' title='bbox 714 1915 750 1975; x_wconf 89' lang='lat' dir='ltr'>ut</span> <span class='ocrx_word' id='word_1_105' title='bbox 772 1910 959 1996; x_wconf 74' lang='lat' dir='ltr'>prospiciat,</span> <span class='ocrx_word' id='word_1_106' title='bbox 984 1933 1025 1973; x_wconf 95' lang='lat' dir='ltr'>ne</span> <span class='ocrx_word' id='word_1_107' title='bbox 1050 1908 1104 1973; x_wconf 91' lang='lat' dir='ltr'>alii</span> <span class='ocrx_word' id='word_1_108' title='bbox 1127 1911 1260 1996; x_wconf 89' lang='lat' dir='ltr'>faciant,</span> <span class='ocrx_word' id='word_1_109' title='bbox 1284 1914 1368 1996; x_wconf 87' lang='lat' dir='ltr'>quod</span> <span class='ocrx_word' id='word_1_110' title='bbox 1382 1915 1451 1997; x_wconf 91' lang='lat' dir='ltr'>ipse</span> <span class='ocrx_word' id='word_1_111' title='bbox 1473 1915 1564 1998; x_wconf 90' lang='lat' dir='ltr'>polli-</span> 
     </span>
     <span class='ocr_line' id='line_1_14' title="bbox 418 2011 1562 2100; baseline 0.003 -22"><span class='ocrx_word' id='word_1_112' title='bbox 418 2015 501 2079; x_wconf 88' lang='lat' dir='ltr'>citus</span> <span class='ocrx_word' id='word_1_113' title='bbox 530 2017 578 2078; x_wconf 84' lang='lat' dir='ltr'>est</span> <span class='ocrx_word' id='word_1_114' title='bbox 606 2036 640 2078; x_wconf 89' lang='lat' dir='ltr'>se</span> <span class='ocrx_word' id='word_1_115' title='bbox 668 2037 734 2078; x_wconf 91' lang='lat' dir='ltr'>non</span> <span class='ocrx_word' id='word_1_116' title='bbox 762 2014 934 2078; x_wconf 88' lang='lat' dir='ltr'>facturum.</span> <span class='ocrx_word' id='word_1_117' title='bbox 987 2011 1117 2076; x_wconf 83' lang='lat' dir='ltr'>Gratias</span> <span class='ocrx_word' id='word_1_118' title='bbox 1151 2015 1221 2098; x_wconf 85' lang='lat' dir='ltr'>agit</span> <span class='ocrx_word' id='word_1_119' title='bbox 1249 2014 1367 2080; x_wconf 89' lang='lat' dir='ltr'>Caesar</span> <span class='ocrx_word' id='word_1_120' title='bbox 1399 2017 1434 2079; x_wconf 94' lang='lat' dir='ltr'>in</span> <span class='ocrx_word' id='word_1_121' title='bbox 1470 2019 1562 2100; x_wconf 88' lang='lat' dir='ltr'>epist.</span> 
     </span>
     <span class='ocr_line' id='line_1_15' title="bbox 417 2113 1564 2201; baseline 0.002 -22"><span class='ocrx_word' id='word_1_122' title='bbox 417 2117 477 2199; x_wconf 91' lang='lat' dir='ltr'>Ill,</span> <span class='ocrx_word' id='word_1_123' title='bbox 505 2117 542 2200; x_wconf 84' lang='lat'>5,</span> <span class='ocrx_word' id='word_1_124' title='bbox 573 2117 657 2200; x_wconf 88' lang='lat' dir='ltr'>quod</span> <span class='ocrx_word' id='word_1_125' title='bbox 684 2116 804 2180; x_wconf 87' lang='lat' dir='ltr'>Fronto</span> <span class='ocrx_word' id='word_1_126' title='bbox 832 2113 1000 2179; x_wconf 87' lang='lat' dir='ltr'>consilium</span> <span class='ocrx_word' id='word_1_127' title='bbox 1030 2116 1263 2199; x_wconf 70' lang='lat' dir='ltr'>comprobavit,</span> <span class='ocrx_word' id='word_1_128' title='bbox 1296 2117 1390 2180; x_wconf 89' lang='lat' dir='ltr'>modo</span> <span class='ocrx_word' id='word_1_129' title='bbox 1418 2141 1459 2182; x_wconf 90' lang='lat' dir='ltr'>ne</span> <span class='ocrx_word' id='word_1_130' title='bbox 1488 2120 1564 2201; x_wconf 86' lang='lat' dir='ltr'>quid</span> 
     </span>
     <span class='ocr_line' id='line_1_16' title="bbox 418 2216 1561 2302; baseline -0.001 -20"><span class='ocrx_word' id='word_1_131' title='bbox 418 2219 505 2283; x_wconf 88' lang='lat' dir='ltr'>dicat</span> <span class='ocrx_word' id='word_1_132' title='bbox 536 2218 621 2301; x_wconf 86' lang='lat' dir='ltr'>quod</span> <span class='ocrx_word' id='word_1_133' title='bbox 655 2218 695 2281; x_wconf 90' lang='lat' dir='ltr'>ad</span> <span class='ocrx_word' id='word_1_134' title='bbox 727 2217 870 2301; x_wconf 90' lang='lat' dir='ltr'>privatas</span> <span class='ocrx_word' id='word_1_135' title='bbox 905 2239 976 2280; x_wconf 86' lang='lat' dir='ltr'>cunr</span> <span class='ocrx_word' id='word_1_136' title='bbox 1007 2216 1135 2280; x_wconf 91' lang='lat' dir='ltr'>Herode</span> <span class='ocrx_word' id='word_1_137' title='bbox 1168 2218 1355 2282; x_wconf 90' lang='lat' dir='ltr'>inimicitias</span> <span class='ocrx_word' id='word_1_138' title='bbox 1388 2219 1561 2302; x_wconf 79' lang='lat' dir='ltr'>pertineat,</span> 
     </span>
     <span class='ocr_line' id='line_1_17' title="bbox 417 2319 1562 2403; baseline 0 -19"><span class='ocrx_word' id='word_1_139' title='bbox 417 2321 526 2385; x_wconf 91' lang='lat' dir='ltr'>omnia</span> <span class='ocrx_word' id='word_1_140' title='bbox 548 2319 740 2403; x_wconf 85' lang='lat' dir='ltr'>proferenda</span> <span class='ocrx_word' id='word_1_141' title='bbox 762 2319 900 2402; x_wconf 88' lang='lat' dir='ltr'>quaein</span> <span class='ocrx_word' id='word_1_142' title='bbox 923 2340 1018 2382; x_wconf 88' lang='lat' dir='ltr'>causa</span> <span class='ocrx_word' id='word_1_143' title='bbox 1045 2321 1131 2383; x_wconf 90' lang='lat' dir='ltr'>sunt.</span> <span class='ocrx_word' id='word_1_144' title='bbox 1176 2319 1296 2383; x_wconf 89' lang='lat' dir='ltr'>Lacera</span> <span class='ocrx_word' id='word_1_145' title='bbox 1319 2323 1368 2384; x_wconf 92' lang='lat' dir='ltr'>est</span> <span class='ocrx_word' id='word_1_146' title='bbox 1390 2321 1562 2384; x_wconf 84' lang='lat' dir='ltr'>Frontonis</span> 
     </span>
     <span class='ocr_line' id='line_1_18' title="bbox 417 2420 1562 2506; baseline 0 -20"><span class='ocrx_word' id='word_1_147' title='bbox 417 2422 554 2506; x_wconf 86' lang='lat' dir='ltr'>epistola</span> <span class='ocrx_word' id='word_1_148' title='bbox 575 2420 635 2503; x_wconf 94' lang='grc' dir='ltr'>ΙΙΙ,</span> <span class='ocrx_word' id='word_1_149' title='bbox 660 2422 695 2503; x_wconf 86' lang='grc'>6,</span> <span class='ocrx_word' id='word_1_150' title='bbox 719 2421 755 2484; x_wconf 91' lang='lat' dir='ltr'>in</span> <span class='ocrx_word' id='word_1_151' title='bbox 777 2442 840 2503; x_wconf 90' lang='lat' dir='ltr'>qua</span> <span class='ocrx_word' id='word_1_152' title='bbox 861 2421 973 2485; x_wconf 88' lang='lat' dir='ltr'>itidem</span> <span class='ocrx_word' id='word_1_153' title='bbox 996 2442 1100 2484; x_wconf 89' lang='lat' dir='ltr'>senno</span> <span class='ocrx_word' id='word_1_154' title='bbox 1121 2421 1185 2485; x_wconf 86' lang='lat' dir='ltr'>fuit</span> <span class='ocrx_word' id='word_1_155' title='bbox 1207 2422 1244 2487; x_wconf 91' lang='lat' dir='ltr'>de</span> <span class='ocrx_word' id='word_1_156' title='bbox 1267 2422 1330 2486; x_wconf 88' lang='lat' dir='ltr'>ista</span> <span class='ocrx_word' id='word_1_157' title='bbox 1352 2421 1489 2487; x_wconf 90' lang='lat' dir='ltr'>Herodis</span> <span class='ocrx_word' id='word_1_158' title='bbox 1513 2445 1562 2486; x_wconf 91' lang='lat' dir='ltr'>ac·</span> 
     </span>
     <span class='ocr_line' id='line_1_19' title="bbox 418 2525 593 2588; baseline 0 0"><span class='ocrx_word' id='word_1_159' title='bbox 418 2525 593 2588; x_wconf 89' lang='lat' dir='ltr'>cusatione.</span> 
     </span>
    </p>

    <p class='ocr_par' dir='ltr' id='par_1_5' title="bbox 416 2624 1563 3626">
     <span class='ocr_line' id='line_1_20' title="bbox 502 2624 1562 2709; baseline 0.001 -20"><span class='ocrx_word' id='word_1_160' title='bbox 502 2625 542 2689; x_wconf 89' lang='lat' dir='ltr'>In</span> <span class='ocrx_word' id='word_1_161' title='bbox 564 2625 711 2708; x_wconf 81' lang='lat' dir='ltr'>Epistola</span> <span class='ocrx_word' id='word_1_162' title='bbox 725 2624 785 2707; x_wconf 89' lang='grc' dir='ltr'>ΠΙ,</span> <span class='ocrx_word' id='word_1_163' title='bbox 803 2626 820 2688; x_wconf 82' lang='grc'>7</span> <span class='ocrx_word' id='word_1_164' title='bbox 837 2624 957 2688; x_wconf 87' lang='lat' dir='ltr'>Fronto</span> <span class='ocrx_word' id='word_1_165' title='bbox 980 2625 1145 2709; x_wconf 81' lang='lat' dir='ltr'>significat</span> <span class='ocrx_word' id='word_1_166' title='bbox 1167 2626 1228 2689; x_wconf 91' lang='lat' dir='ltr'>sibi</span> <span class='ocrx_word' id='word_1_167' title='bbox 1251 2626 1356 2690; x_wconf 89' lang='lat' dir='ltr'>dolere</span> <span class='ocrx_word' id='word_1_168' title='bbox 1379 2625 1562 2690; x_wconf 86' lang='lat' dir='ltr'>brachium:</span> 
     </span>
     <span class='ocr_line' id='line_1_21' title="bbox 416 2727 1563 2812; baseline -0.001 -21"><span class='ocrx_word' id='word_1_169' title='bbox 416 2729 526 2812; x_wconf 88' lang='lat' dir='ltr'>itaque</span> <span class='ocrx_word' id='word_1_170' title='bbox 559 2727 733 2810; x_wconf 87' lang='lat' dir='ltr'>discipulus</span> <span class='ocrx_word' id='word_1_171' title='bbox 761 2727 892 2790; x_wconf 87' lang='lat' dir='ltr'>interim</span> <span class='ocrx_word' id='word_1_172' title='bbox 921 2730 1096 2811; x_wconf 89' lang='lat' dir='ltr'>occupatus</span> <span class='ocrx_word' id='word_1_173' title='bbox 1124 2731 1174 2791; x_wconf 90' lang='lat' dir='ltr'>est</span> <span class='ocrx_word' id='word_1_174' title='bbox 1200 2730 1236 2791; x_wconf 90' lang='lat' dir='ltr'>in</span> <span class='ocrx_word' id='word_1_175' title='bbox 1264 2749 1300 2791; x_wconf 92' lang='lat' dir='ltr'>eo</span> <span class='ocrx_word' id='word_1_176' title='bbox 1328 2729 1449 2810; x_wconf 88' lang='lat' dir='ltr'>studio,</span> <span class='ocrx_word' id='word_1_177' title='bbox 1479 2730 1563 2811; x_wconf 89' lang='lat' dir='ltr'>quod</span> 
     </span>
     <span class='ocr_line' id='line_1_22' title="bbox 417 2827 1562 2914; baseline -0.001 -21"><span class='ocrx_word' id='word_1_178' title='bbox 417 2829 573 2914; x_wconf 83' lang='lat' dir='ltr'>magister</span> <span class='ocrx_word' id='word_1_179' title='bbox 595 2827 752 2912; x_wconf 89' lang='lat' dir='ltr'>imprimis</span> <span class='ocrx_word' id='word_1_180' title='bbox 776 2830 1028 2892; x_wconf 87' lang='lat' dir='ltr'>commendabat.</span> <span class='ocrx_word' id='word_1_181' title='bbox 1067 2829 1329 2912; x_wconf 73' lang='lat' dir='ltr'>adorationem,</span> <span class='ocrx_word' id='word_1_182' title='bbox 1354 2852 1450 2913; x_wconf 88' lang='lat' dir='ltr'>quam</span> <span class='ocrx_word' id='word_1_183' title='bbox 1472 2829 1562 2892; x_wconf 89' lang='lat' dir='ltr'>habi-</span> 
     </span>
     <span class='ocr_line' id='line_1_23' title="bbox 417 2930 1562 3015; baseline 0 -21"><span class='ocrx_word' id='word_1_184' title='bbox 417 2935 509 2995; x_wconf 90' lang='lat' dir='ltr'>turus</span> <span class='ocrx_word' id='word_1_185' title='bbox 533 2933 603 2995; x_wconf 88' lang='lat' dir='ltr'>erat</span> <span class='ocrx_word' id='word_1_186' title='bbox 630 2931 665 2994; x_wconf 90' lang='lat' dir='ltr'>in</span> <span class='ocrx_word' id='word_1_187' title='bbox 688 2933 819 3012; x_wconf 87' lang='lat' dir='ltr'>senatu,</span> <span class='ocrx_word' id='word_1_188' title='bbox 849 2934 1019 3014; x_wconf 87' lang='lat' dir='ltr'>acceperat</span> <span class='ocrx_word' id='word_1_189' title='bbox 1043 2931 1153 2994; x_wconf 92' lang='lat' dir='ltr'>decem</span> <span class='ocrx_word' id='word_1_190' title='bbox 1181 2932 1304 2996; x_wconf 81' lang='grc' dir='ltr'>εἰκόνα(</span> <span class='ocrx_word' id='word_1_191' title='bbox 1332 2931 1383 2995; x_wconf 88' lang='lat' dir='ltr'>vel</span> <span class='ocrx_word' id='word_1_192' title='bbox 1403 2930 1562 3015; x_wconf 86' lang='lat' dir='ltr'>imagines</span> 
     </span>
     <span class='ocr_line' id='line_1_24' title="bbox 418 3032 1563 3117; baseline -0.001 -20"><span class='ocrx_word' id='word_1_193' title='bbox 418 3032 646 3117; x_wconf 54' lang='lat' dir='ltr'>expediendam</span> <span class='ocrx_word' id='word_1_194' title='bbox 669 3032 798 3096; x_wconf 60' lang='lat' dir='ltr'>”scilicet</span> <span class='ocrx_word' id='word_1_195' title='bbox 825 3032 861 3095; x_wconf 94' lang='lat' dir='ltr'>in</span> <span class='ocrx_word' id='word_1_196' title='bbox 885 3036 952 3095; x_wconf 88' lang='lat' dir='ltr'>arte</span> <span class='ocrx_word' id='word_1_197' title='bbox 975 3032 1136 3095; x_wconf 88' lang='lat' dir='ltr'>rhetorica</span> <span class='ocrx_word' id='word_1_198' title='bbox 1157 3032 1313 3096; x_wconf 87' lang='lat' dir='ltr'>Frontoni</span> <span class='ocrx_word' id='word_1_199' title='bbox 1336 3032 1419 3096; x_wconf 87' lang='lat' dir='ltr'>nihil</span> <span class='ocrx_word' id='word_1_200' title='bbox 1441 3036 1491 3095; x_wconf 90' lang='lat' dir='ltr'>est</span> <span class='ocrx_word' id='word_1_201' title='bbox 1512 3055 1563 3096; x_wconf 90' lang='lat' dir='ltr'>su-</span> 
     </span>
     <span class='ocr_line' id='line_1_25' title="bbox 417 3123 1562 3219; baseline -0.002 -20"><span class='ocrx_word' id='word_1_202' title='bbox 417 3159 477 3219; x_wconf 91' lang='lat' dir='ltr'>pra</span> <span class='ocrx_word' id='word_1_203' title='bbox 498 3123 584 3199; x_wconf 91' lang='lat' dir='ltr'>hanc</span> <span class='ocrx_word' id='word_1_204' title='bbox 606 3137 709 3198; x_wconf 90' lang='lat' dir='ltr'>artem</span> <span class='ocrx_word' id='word_1_205' title='bbox 730 3143 797 3200; x_wconf 82' lang='grc' dir='ltr'>τῶν</span> <span class='ocrx_word' id='word_1_206' title='bbox 820 3133 964 3200; x_wconf 86' lang='grc' dir='ltr'>εἰκόνων.</span> <span class='ocrx_word' id='word_1_207' title='bbox 1009 3133 1130 3197; x_wconf 88' lang='lat' dir='ltr'>Verum</span> <span class='ocrx_word' id='word_1_208' title='bbox 1151 3134 1186 3196; x_wconf 91' lang='lat' dir='ltr'>in</span> <span class='ocrx_word' id='word_1_209' title='bbox 1208 3156 1274 3196; x_wconf 90' lang='lat' dir='ltr'>una</span> <span class='ocrx_word' id='word_1_210' title='bbox 1296 3134 1411 3197; x_wconf 88' lang='lat' dir='ltr'>harum</span> <span class='ocrx_word' id='word_1_211' title='bbox 1433 3133 1562 3199; x_wconf 79' lang='lat' dir='ltr'>Caesari</span> 
     </span>
     <span class='ocr_line' id='line_1_26' title="bbox 417 3235 1560 3320; baseline -0.002 -19"><span class='ocrx_word' id='word_1_212' title='bbox 417 3260 468 3301; x_wconf 91' lang='lat' dir='ltr'>res</span> <span class='ocrx_word' id='word_1_213' title='bbox 496 3259 563 3300; x_wconf 91' lang='lat' dir='ltr'>non</span> <span class='ocrx_word' id='word_1_214' title='bbox 590 3237 747 3320; x_wconf 90' lang='lat' dir='ltr'>processit</span> <span class='ocrx_word' id='word_1_215' title='bbox 759 3286 767 3318; x_wconf 91' lang='lat'>,</span> <span class='ocrx_word' id='word_1_216' title='bbox 802 3236 910 3320; x_wconf 88' lang='lat' dir='ltr'>itaque</span> <span class='ocrx_word' id='word_1_217' title='bbox 938 3238 1034 3319; x_wconf 84' lang='lat' dir='ltr'>rogat</span> <span class='ocrx_word' id='word_1_218' title='bbox 1062 3235 1254 3318; x_wconf 84' lang='lat' dir='ltr'>magistrum</span> <span class='ocrx_word' id='word_1_219' title='bbox 1281 3237 1318 3298; x_wconf 88' lang='lat' dir='ltr'>ut</span> <span class='ocrx_word' id='word_1_220' title='bbox 1346 3257 1439 3318; x_wconf 87' lang='lat' dir='ltr'>opem</span> <span class='ocrx_word' id='word_1_221' title='bbox 1465 3235 1560 3299; x_wconf 88' lang='lat' dir='ltr'>ferat.</span> 
     </span>
     <span class='ocr_line' id='line_1_27' title="bbox 418 3336 1563 3422; baseline -0.004 -19"><span class='ocrx_word' id='word_1_222' title='bbox 418 3339 480 3403; x_wconf 92' lang='lat' dir='ltr'>Hic</span> <span class='ocrx_word' id='word_1_223' title='bbox 502 3338 679 3422; x_wconf 83' lang='lat' dir='ltr'>imaginem</span> <span class='ocrx_word' id='word_1_224' title='bbox 700 3338 932 3421; x_wconf 85' lang='lat' dir='ltr'>interpretatur</span> <span class='ocrx_word' id='word_1_225' title='bbox 953 3339 988 3400; x_wconf 94' lang='lat' dir='ltr'>in</span> <span class='ocrx_word' id='word_1_226' title='bbox 1011 3336 1148 3419; x_wconf 89' lang='lat' dir='ltr'>epistola</span> <span class='ocrx_word' id='word_1_227' title='bbox 1169 3337 1230 3419; x_wconf 89' lang='lat' dir='ltr'>III,</span> <span class='ocrx_word' id='word_1_228' title='bbox 1254 3337 1288 3419; x_wconf 81' lang='lat'>83</span> <span class='ocrx_word' id='word_1_229' title='bbox 1311 3336 1479 3420; x_wconf 89' lang='lat' dir='ltr'>aptissima</span> <span class='ocrx_word' id='word_1_230' title='bbox 1501 3337 1563 3400; x_wconf 88' lang='lat' dir='ltr'>erit</span> 
     </span>
     <span class='ocr_line' id='line_1_28' title="bbox 419 3438 1562 3523; baseline -0.003 -19"><span class='ocrx_word' id='word_1_231' title='bbox 419 3442 458 3504; x_wconf 91' lang='lat' dir='ltr'>ad</span> <span class='ocrx_word' id='word_1_232' title='bbox 480 3440 531 3504; x_wconf 92' lang='lat' dir='ltr'>Pii</span> <span class='ocrx_word' id='word_1_233' title='bbox 557 3439 668 3504; x_wconf 87' lang='lat' dir='ltr'>laudes</span> <span class='ocrx_word' id='word_1_234' title='bbox 698 3440 944 3523; x_wconf 58' lang='lat' dir='ltr'>praedicandam</span> <span class='ocrx_word' id='word_1_235' title='bbox 973 3440 1141 3521; x_wconf 89' lang='lat' dir='ltr'>praeterea</span> <span class='ocrx_word' id='word_1_236' title='bbox 1170 3438 1258 3502; x_wconf 87' lang='lat' dir='ltr'>addit</span> <span class='ocrx_word' id='word_1_237' title='bbox 1287 3438 1442 3522; x_wconf 88' lang='lat' dir='ltr'>quaedam</span> <span class='ocrx_word' id='word_1_238' title='bbox 1472 3460 1562 3521; x_wconf 90' lang='lat' dir='ltr'>prae-</span> 
     </span>
     <span class='ocr_line' id='line_1_29' title="bbox 419 3543 865 3626; baseline -0.004 -20"><span class='ocrx_word' id='word_1_239' title='bbox 419 3545 512 3626; x_wconf 90' lang='lat' dir='ltr'>cepta</span> <span class='ocrx_word' id='word_1_240' title='bbox 534 3564 573 3606; x_wconf 84' lang='lat' dir='ltr'>ex</span> <span class='ocrx_word' id='word_1_241' title='bbox 596 3545 665 3606; x_wconf 91' lang='lat' dir='ltr'>arte</span> <span class='ocrx_word' id='word_1_242' title='bbox 688 3543 865 3624; x_wconf 90' lang='lat' dir='ltr'>desumpta.</span> 
     </span>
    </p>

    <p class='ocr_par' dir='ltr' id='par_1_6' title="bbox 417 3641 1583 4641">
     <span class='ocr_line' id='line_1_30' title="bbox 503 3641 1562 3727; baseline -0.002 -20"><span class='ocrx_word' id='word_1_243' title='bbox 503 3642 621 3708; x_wconf 79' lang='lat' dir='ltr'>Statim</span> <span class='ocrx_word' id='word_1_244' title='bbox 644 3644 788 3726; x_wconf 90' lang='lat' dir='ltr'>sequitur</span> <span class='ocrx_word' id='word_1_245' title='bbox 810 3641 961 3726; x_wconf 87' lang='lat' dir='ltr'>epistola,</span> <span class='ocrx_word' id='word_1_246' title='bbox 991 3664 1088 3726; x_wconf 86' lang='lat' dir='ltr'>quam</span> <span class='ocrx_word' id='word_1_247' title='bbox 1118 3642 1193 3725; x_wconf 88' lang='lat' dir='ltr'>quia</span> <span class='ocrx_word' id='word_1_248' title='bbox 1215 3643 1264 3706; x_wconf 87' lang='lat' dir='ltr'>bis</span> <span class='ocrx_word' id='word_1_249' title='bbox 1287 3643 1323 3706; x_wconf 95' lang='lat' dir='ltr'>in</span> <span class='ocrx_word' id='word_1_250' title='bbox 1346 3641 1461 3707; x_wconf 88' lang='lat' dir='ltr'>Codice</span> <span class='ocrx_word' id='word_1_251' title='bbox 1484 3642 1562 3727; x_wconf 84' lang='lat' dir='ltr'>legi-</span> 
     </span>
     <span class='ocr_line' id='line_1_31' title="bbox 417 3743 1562 3829; baseline -0.002 -18"><span class='ocrx_word' id='word_1_252' title='bbox 417 3750 472 3811; x_wconf 92' lang='lat' dir='ltr'>tur</span> <span class='ocrx_word' id='word_1_253' title='bbox 493 3768 609 3828; x_wconf 87' lang='lat' dir='ltr'>nempe</span> <span class='ocrx_word' id='word_1_254' title='bbox 631 3748 701 3809; x_wconf 89' lang='lat' dir='ltr'>tum</span> <span class='ocrx_word' id='word_1_255' title='bbox 723 3745 776 3808; x_wconf 88' lang='lat' dir='ltr'>hic</span> <span class='ocrx_word' id='word_1_256' title='bbox 798 3748 868 3808; x_wconf 88' lang='lat' dir='ltr'>turn</span> <span class='ocrx_word' id='word_1_257' title='bbox 890 3745 976 3808; x_wconf 90' lang='lat' dir='ltr'>inter</span> <span class='ocrx_word' id='word_1_258' title='bbox 992 3743 1132 3808; x_wconf 82' lang='lat' dir='ltr'>Graecas</span> <span class='ocrx_word' id='word_1_259' title='bbox 1149 3744 1311 3827; x_wconf 88' lang='lat' dir='ltr'>epistolas,</span> <span class='ocrx_word' id='word_1_260' title='bbox 1336 3745 1376 3808; x_wconf 92' lang='lat' dir='ltr'>ob</span> <span class='ocrx_word' id='word_1_261' title='bbox 1393 3766 1562 3829; x_wconf 81' lang='lat' dir='ltr'>argumen-</span> 
     </span>
     <span class='ocr_line' id='line_1_32' title="bbox 417 3844 1562 3929; baseline -0.002 -18"><span class='ocrx_word' id='word_1_262' title='bbox 417 3852 487 3912; x_wconf 90' lang='lat' dir='ltr'>tum</span> <span class='ocrx_word' id='word_1_263' title='bbox 515 3846 614 3910; x_wconf 87' lang='lat' dir='ltr'>malui</span> <span class='ocrx_word' id='word_1_264' title='bbox 647 3847 715 3910; x_wconf 90' lang='lat' dir='ltr'>illic</span> <span class='ocrx_word' id='word_1_265' title='bbox 743 3844 892 3910; x_wconf 84' lang='lat' dir='ltr'>exhibere</span> <span class='ocrx_word' id='word_1_266' title='bbox 926 3846 1050 3929; x_wconf 90' lang='lat' dir='ltr'>eritque</span> <span class='ocrx_word' id='word_1_267' title='bbox 1077 3846 1186 3929; x_wconf 79' lang='lat' dir='ltr'>nobiS,</span> <span class='ocrx_word' id='word_1_268' title='bbox 1222 3868 1415 3929; x_wconf 90' lang='lat' dir='ltr'>quamquam</span> <span class='ocrx_word' id='word_1_269' title='bbox 1448 3846 1562 3909; x_wconf 89' lang='lat' dir='ltr'>Latine</span> 
     </span>
     <span class='ocr_line' id='line_1_33' title="bbox 419 3946 1562 4032; baseline -0.002 -19"><span class='ocrx_word' id='word_1_270' title='bbox 419 3950 556 4032; x_wconf 90' lang='lat' dir='ltr'>scripta,</span> <span class='ocrx_word' id='word_1_271' title='bbox 580 3949 667 4012; x_wconf 89' lang='lat' dir='ltr'>inter</span> <span class='ocrx_word' id='word_1_272' title='bbox 689 3948 829 4012; x_wconf 80' lang='lat' dir='ltr'>Graecas</span> <span class='ocrx_word' id='word_1_273' title='bbox 853 3950 953 4011; x_wconf 85' lang='lat' dir='ltr'>sexta.</span> <span class='ocrx_word' id='word_1_274' title='bbox 999 3947 1119 4011; x_wconf 79' lang='lat' dir='ltr'>Scribit</span> <span class='ocrx_word' id='word_1_275' title='bbox 1142 3947 1261 4011; x_wconf 86' lang='lat' dir='ltr'>Caesar</span> <span class='ocrx_word' id='word_1_276' title='bbox 1288 3948 1323 4010; x_wconf 95' lang='lat' dir='ltr'>in</span> <span class='ocrx_word' id='word_1_277' title='bbox 1350 3946 1475 4010; x_wconf 86' lang='lat' dir='ltr'>Latinis</span> <span class='ocrx_word' id='word_1_278' title='bbox 1497 3950 1562 4011; x_wconf 90' lang='lat' dir='ltr'>stu-</span> 
     </span>
     <span class='ocr_line' id='line_1_34' title="bbox 418 4048 1562 4131; baseline -0.001 -17"><span class='ocrx_word' id='word_1_279' title='bbox 418 4052 479 4115; x_wconf 88' lang='lat' dir='ltr'>diis</span> <span class='ocrx_word' id='word_1_280' title='bbox 506 4072 575 4114; x_wconf 90' lang='lat' dir='ltr'>rcm</span> <span class='ocrx_word' id='word_1_281' title='bbox 597 4051 659 4114; x_wconf 89' lang='lat' dir='ltr'>sibi</span> <span class='ocrx_word' id='word_1_282' title='bbox 686 4072 752 4113; x_wconf 91' lang='lat' dir='ltr'>non</span> <span class='ocrx_word' id='word_1_283' title='bbox 782 4049 914 4113; x_wconf 87' lang='lat' dir='ltr'>cessisse</span> <span class='ocrx_word' id='word_1_284' title='bbox 937 4071 975 4113; x_wconf 87' lang='lat' dir='ltr'>ex</span> <span class='ocrx_word' id='word_1_285' title='bbox 997 4051 1087 4131; x_wconf 70' lang='lat' dir='ltr'>voto,</span> <span class='ocrx_word' id='word_1_286' title='bbox 1115 4049 1238 4131; x_wconf 81' lang='lat' dir='ltr'>itaque,</span> <span class='ocrx_word' id='word_1_287' title='bbox 1262 4048 1424 4111; x_wconf 88' lang='lat' dir='ltr'>Frontone</span> <span class='ocrx_word' id='word_1_288' title='bbox 1446 4049 1562 4131; x_wconf 90' lang='lat' dir='ltr'>impro-</span> 
     </span>
     <span class='ocr_line' id='line_1_35' title="bbox 418 4148 1562 4235; baseline -0.004 -19"><span class='ocrx_word' id='word_1_289' title='bbox 418 4153 527 4235; x_wconf 91' lang='lat' dir='ltr'>bante,</span> <span class='ocrx_word' id='word_1_290' title='bbox 553 4152 690 4215; x_wconf 86' lang='lat' dir='ltr'>contulit</span> <span class='ocrx_word' id='word_1_291' title='bbox 710 4154 821 4215; x_wconf 88' lang='lat' dir='ltr'>tamen</span> <span class='ocrx_word' id='word_1_292' title='bbox 843 4173 877 4214; x_wconf 90' lang='lat' dir='ltr'>se</span> <span class='ocrx_word' id='word_1_293' title='bbox 900 4152 940 4214; x_wconf 89' lang='lat' dir='ltr'>ad</span> <span class='ocrx_word' id='word_1_294' title='bbox 964 4150 1120 4215; x_wconf 81' lang='lat' dir='ltr'>Graecam</span> <span class='ocrx_word' id='word_1_295' title='bbox 1142 4149 1359 4232; x_wconf 88' lang='lat' dir='ltr'>scriptionem.</span> <span class='ocrx_word' id='word_1_296' title='bbox 1404 4148 1466 4214; x_wconf 88' lang='lat' dir='ltr'>Sed</span> <span class='ocrx_word' id='word_1_297' title='bbox 1488 4150 1562 4232; x_wconf 88' lang='lat' dir='ltr'>quia</span> 
     </span>
     <span class='ocr_line' id='line_1_36' title="bbox 418 4249 1561 4337; baseline -0.004 -20"><span class='ocrx_word' id='word_1_298' title='bbox 418 4255 486 4337; x_wconf 89' lang='lat' dir='ltr'>ipse</span> <span class='ocrx_word' id='word_1_299' title='bbox 514 4253 651 4336; x_wconf 87' lang='lat' dir='ltr'>Fronte,</span> <span class='ocrx_word' id='word_1_300' title='bbox 681 4253 757 4316; x_wconf 87' lang='lat' dir='ltr'>licet</span> <span class='ocrx_word' id='word_1_301' title='bbox 785 4275 804 4317; x_wconf 92' lang='lat' dir='ltr'>a</span> <span class='ocrx_word' id='word_1_302' title='bbox 827 4252 957 4317; x_wconf 83' lang='lat' dir='ltr'>Graecis</span> <span class='ocrx_word' id='word_1_303' title='bbox 981 4252 1097 4316; x_wconf 88' lang='lat' dir='ltr'>litteris</span> <span class='ocrx_word' id='word_1_304' title='bbox 1119 4249 1215 4334; x_wconf 91' lang='lat' dir='ltr'>paulo</span> <span class='ocrx_word' id='word_1_305' title='bbox 1237 4251 1387 4332; x_wconf 89' lang='lat' dir='ltr'>alienior,</span> <span class='ocrx_word' id='word_1_306' title='bbox 1415 4253 1494 4313; x_wconf 90' lang='lat' dir='ltr'>tunc</span> <span class='ocrx_word' id='word_1_307' title='bbox 1517 4250 1561 4312; x_wconf 91' lang='lat' dir='ltr'>di-</span> 
     </span>
     <span class='ocr_line' id='line_1_37' title="bbox 420 4351 1561 4438; baseline -0.004 -20"><span class='ocrx_word' id='word_1_308' title='bbox 420 4357 550 4418; x_wconf 90' lang='lat' dir='ltr'>cebatur</span> <span class='ocrx_word' id='word_1_309' title='bbox 573 4354 694 4438; x_wconf 88' lang='lat' dir='ltr'>aliquid</span> <span class='ocrx_word' id='word_1_310' title='bbox 716 4353 838 4418; x_wconf 82' lang='lat' dir='ltr'>Graece</span> <span class='ocrx_word' id='word_1_311' title='bbox 862 4355 1075 4438; x_wconf 82' lang='lat' dir='ltr'>compegisse,</span> <span class='ocrx_word' id='word_1_312' title='bbox 1105 4355 1200 4436; x_wconf 82' lang='lat' dir='ltr'>rogat</span> <span class='ocrx_word' id='word_1_313' title='bbox 1222 4351 1339 4417; x_wconf 87' lang='lat' dir='ltr'>Caesar</span> <span class='ocrx_word' id='word_1_314' title='bbox 1360 4354 1397 4414; x_wconf 90' lang='lat' dir='ltr'>ut</span> <span class='ocrx_word' id='word_1_315' title='bbox 1418 4354 1485 4414; x_wconf 89' lang='lat' dir='ltr'>tam</span> <span class='ocrx_word' id='word_1_316' title='bbox 1508 4352 1561 4414; x_wconf 92' lang='lat' dir='ltr'>ad-</span> 
     </span>
     <span class='ocr_line' id='line_1_38' title="bbox 418 4451 1561 4539; baseline -0.003 -20"><span class='ocrx_word' id='word_1_317' title='bbox 418 4455 565 4520; x_wconf 91' lang='lat' dir='ltr'>mirabile</span> <span class='ocrx_word' id='word_1_318' title='bbox 594 4478 673 4539; x_wconf 90' lang='lat' dir='ltr'>opus</span> <span class='ocrx_word' id='word_1_319' title='bbox 703 4455 764 4519; x_wconf 90' lang='lat' dir='ltr'>sibi</span> <span class='ocrx_word' id='word_1_320' title='bbox 791 4457 911 4520; x_wconf 90' lang='lat' dir='ltr'>mittat.</span> <span class='ocrx_word' id='word_1_321' title='bbox 957 4455 1007 4518; x_wconf 82' lang='lat' dir='ltr'>Ex</span> <span class='ocrx_word' id='word_1_322' title='bbox 1029 4453 1140 4519; x_wconf 88' lang='lat' dir='ltr'>eadem</span> <span class='ocrx_word' id='word_1_323' title='bbox 1163 4452 1298 4536; x_wconf 89' lang='lat' dir='ltr'>epistola</span> <span class='ocrx_word' id='word_1_324' title='bbox 1321 4452 1425 4516; x_wconf 86' lang='lat' dir='ltr'>efficio</span> <span class='ocrx_word' id='word_1_325' title='bbox 1448 4451 1561 4517; x_wconf 87' lang='lat' dir='ltr'>Caesa-</span> 
     </span>
     <span class='ocr_line' id='line_1_39' title="bbox 418 4547 1583 4641; baseline -0.003 -20"><span class='ocrx_word' id='word_1_326' title='bbox 418 4580 502 4641; x_wconf 90' lang='lat' dir='ltr'>rem,</span> <span class='ocrx_word' id='word_1_327' title='bbox 533 4557 608 4621; x_wconf 90' lang='lat' dir='ltr'>dum</span> <span class='ocrx_word' id='word_1_328' title='bbox 639 4558 719 4621; x_wconf 90' lang='lat' dir='ltr'>haec</span> <span class='ocrx_word' id='word_1_329' title='bbox 748 4558 916 4640; x_wconf 88' lang='lat' dir='ltr'>scriberet,</span> <span class='ocrx_word' id='word_1_330' title='bbox 948 4577 1144 4640; x_wconf 89' lang='lat' dir='ltr'>perpaucos</span> <span class='ocrx_word' id='word_1_331' title='bbox 1167 4557 1294 4618; x_wconf 90' lang='lat' dir='ltr'>tantum</span> <span class='ocrx_word' id='word_1_332' title='bbox 1315 4575 1441 4617; x_wconf 91' lang='lat' dir='ltr'>menses</span> <span class='ocrx_word' id='word_1_333' title='bbox 1463 4547 1583 4618; x_wconf 78' lang='lat' dir='ltr'>Fron-⁰</span> 
     </span>
    </p>
   </div>
   <div class='ocr_carea' id='block_1_5' title="bbox 320 4659 944 4744">
    <p class='ocr_par' dir='ltr' id='par_1_7' title="bbox 320 4659 944 4744">
     <span class='ocr_line' id='line_1_40' title="bbox 320 4659 944 4744; baseline -0.003 -20"><span class='ocrx_word' id='word_1_334' title='bbox 320 4713 323 4718; x_wconf 92' lang='lat'>.</span> <span class='ocrx_word' id='word_1_335' title='bbox 419 4660 504 4724; x_wconf 89' lang='lat' dir='ltr'>tonis</span> <span class='ocrx_word' id='word_1_336' title='bbox 527 4660 698 4744; x_wconf 89' lang='lat' dir='ltr'>disciplina</span> <span class='ocrx_word' id='word_1_337' title='bbox 721 4681 814 4723; x_wconf 89' lang='lat' dir='ltr'>usum</span> <span class='ocrx_word' id='word_1_338' title='bbox 834 4659 944 4724; x_wconf 83' lang='lat' dir='ltr'>fuisse.</span> 
     </span>
    </p>
   </div>
   <div class='ocr_carea' id='block_1_6' title="bbox 0 0 2076 5659">
    <p class='ocr_par' dir='ltr' id='par_1_8' title="bbox 0 0 2076 5659">
     <span class='ocr_line' id='line_1_41' title="bbox 0 0 2076 5659; baseline 0 0"><span class='ocrx_word' id='word_1_339' title='bbox 0 0 2076 5659; x_wconf 95' lang='lat' dir='ltr'> </span> 
     </span>
    </p>
   </div>
  </div>
 </body>
</html>
