4142 5659
792 680 841 732 AD
860 678 992 735 AMICOS
1009 679 1117 734 LIBER
1134 682 1168 733 ll.
1195 740 1197 743 ,
1491 685 1552 751 195

406 847 525 912 minia¹
549 849 650 932 feriri,
675 853 830 933 quantum
854 850 989 914 dedecus
1004 855 1054 914 est
1076 851 1173 934 plena
1187 852 1297 915 liberis
1321 874 1357 915 ac
1379 854 1550 935 nepotibus

406 952 500 1014 domo
522 951 658 1014 infamia
679 953 796 1034 notari,
823 952 911 1015 cuius
933 952 1087 1017 infamiae
1110 967 1264 1037 aspergo³
1284 955 1435 1037 inquinat
1456 954 1551 1018 simul

406 1053 525 1116 multos
549 1056 581 1116 et
603 1052 800 1117 dedecoratl’.

493 1153 584 1218 Sicut
605 1176 672 1218 non
694 1155 805 1218 eadem
829 1155 933 1218 clades
956 1158 1005 1218 est
1027 1156 1061 1218 in
1084 1157 1204 1239 proelio
1227 1179 1327 1220 unum
1343 1159 1481 1241 equitem
1497 1159 1550 1222 ob-

405 1257 552 1319 truncari
582 1259 614 1319 et
641 1255 806 1320 triremem
833 1256 971 1340 frangi0.
1017 1255 1084 1319 Tur
1109 1309 1114 1323 .
1141 1306 1148 1320 .
1174 1259 1202 1321 ‚²
1226 1258 1349 1322 armato
1379 1309 1386 1320 .
1413 1307 1419 1322 .
1452 1263 1484 1327 et
1508 1309 1515 1322 .
1542 1310 1548 1322 .

407 1358 503 1419 remis
526 1379 601 1420 vero
625 1406 632 1420 .
659 1358 822 1440 ,perierit
852 1407 1293 1424 ..............
1302 1361 1315 1400 ³
1357 1359 1459 1445 Leges
1485 1361 1551 1444 ple-

406 1479 523 1542 raeque
545 1480 682 1541 poenam
710 1459 917 1522 sanciverunt
925 1460 947 1540 4,
978 1480 1019 1521 ne
1042 1460 1113 1542 quis
1136 1460 1281 1523 arborem
1303 1460 1430 1524 felicem
1452 1464 1552 1525 sucei-

406 1559 534 1622 disset5.
570 1558 735 1634 Quaenam
759 1563 808 1623 est
830 1560 951 1624 arboris
979 1559 1144 1624 felicitas?
1165 1562 1404 1625 ramissfeeundi
1427 1566 1460 1625 et
1486 1563 1552 1627 fru-

406 1660 518 1744 giferi,
554 1661 643 1724 bacis
676 1662 841 1745 pomisque
870 1662 987 1743 onusti.
1045 1661 1148 1725 Nemo
1178 1684 1315 1726 cannam
1343 1663 1551 1728 et⁷harundi-

405 1784 490 1844 nem,
515 1763 661 1846 quamvis
683 1784 865 1845 proceram,
901 1762 1018 1825 dixerit
1039 1762 1185 1846 felicem.
1223 1764 1408 1847 Aequiusne
1432 1768 1481 1828 est
1503 1787 1551 1828 ar-

405 1863 535 1927 boribus
558 1863 673 1927 honori
696 1867 791 1947 atque
814 1863 934 1926 tutelae
956 1885 1052 1946 poma
1071 1867 1103 1927 et
1117 1865 1214 1927 bacas
1237 1886 1315 1946 esse,
1340 1887 1436 1949 quam
1450 1865 1551 1929 horni-

404 1965 500 2027 nibus
521 1965 639 2029 liberos
662 1963 903 2047 nepotesqued?
937 2013 1177 2029 ........
1180 1994 1210 2028 ·.
1237 1967 1260 2047 ῑὸ
1279 2016 1453 2030 ......
1485 1967 1552 2051 glo-

405 2067 462 2129 bus
487 2066 631 2149 equitum
653 2065 887 2148 Romanorum,
917 2087 992 2148 pars
1016 2067 1121 2129 curiae
1143 2067 1178 2128 in
1206 2088 1271 2129 uno
1298 2066 1428 2131 homine
1457 2067 1551 2131 deho-

405 2168 572 2230 nestatur⁹
576 2217 750 2230 ......
796 2166 882 2229 Raro
905 2189 1056 2250 umquam
1083 2171 1133 2230 tot
1155 2167 1249 2229 simul
1273 2168 1379 2251 capita
1402 2169 1440 2231 de
1463 2169 1551 2232 eaelo

404 2272 493 2331 tacta
516 2271 594 2331 sunt
600 2319 609 2351 7
640 2272 718 2351 quot
739 2273 775 2331 tu
804 2267 1057 2331 condemnasti¹⁰
1073 2318 1278 2333 .......
1324 2269 1382 2332 Ille
1405 2271 1459 2353 qui
1482 2291 1550 2332 esse

405 2392 501 2452 quam
520 2369 618 2432 videri
634 2370 737 2433 bonus
756 2369 880 2450 maluit,
905 2368 1045 2431 fortunis
1060 2391 1174 2451 parum
1189 2371 1349 2453 prosperis
1364 2391 1441 2433 usus
1457 2371 1548 2434 est¹¹.

407 2521 614 2534 .......
660 2470 781 2554 Verum
804 2474 853 2534 est
878 2469 980 2552 illum,
1004 2471 1057 2552 qui
1086 2471 1269 2553 opinionem
1291 2471 1420 2534 virtutis
1441 2471 1550 2556 negle-

404 2577 471 2656 gat,
496 2574 600 2656 ipsam
623 2595 747 2655 quoque
770 2571 941 2655 neglegere
957 2572 1109 2634 virtutem
1119 2571 1158 2653 ¹²3
1180 2594 1284 2656 neque
1307 2573 1474 2656 quisquam
1497 2572 1549 2636 bo-

489 2775 506 2812 a
524 2762 557 2810 In
576 2764 704 2826 nrnrqine:
722 2758 798 2810 Haec
816 2773 935 2826 aspergo
954 2774 1070 2811 numero
1089 2747 1232 2824 singulari.

489 2843 508 2895 b
528 2847 561 2895 In
579 2850 706 2911 margine:
724 2840 787 2895 Non
805 2841 879 2894 idem
898 2871 929 2880 -
949 2840 1107 2895 dedecorat.

490 2944 504 2980 c
523 2931 556 2979 In
575 2932 703 2992 margine:
720 2925 784 2979 Non
802 2925 876 2978 idem
895 2923 982 2977 estin
1000 2925 1106 2993 proelio
1126 2957 1153 2964 -
1175 2926 1275 2993 frangi.
1546 2992 1551 2997 Δ

488 3012 506 3064 d
526 3015 558 3063 ln
570 3017 697 3078 margine:
714 3010 803 3077 Leges
814 3009 965 3077 pleraeque
977 3025 1069 3078 paena
1081 3009 1209 3063 sanciunt
1220 3027 1255 3063 ne
1274 3009 1335 3075 quis
1349 3010 1456 3062 felicem
1469 3012 1549 3065 arbo-

403 3113 462 3149 rem
484 3094 615 3149 suocidat.
653 3093 684 3157 Q.
710 3111 732 3148 e.
753 3111 777 3148 a.
796 3094 832 3146 f?
860 3093 931 3147 rami
953 3094 971 3146 f.
992 3094 1021 3146 et
1039 3093 1056 3146 f.
1076 3093 1153 3147 bacis
1175 3095 1204 3147 et
1225 3094 1315 3164 pomis
1334 3112 1358 3147 0.
1377 3094 1410 3146 N.
1431 3111 1548 3148 caunum

319 3234 322 3239 .
403 3183 431 3234 et
448 3182 476 3233 h.
496 3199 523 3248 q.
542 3197 570 3247 p.
589 3178 698 3232 felicem
716 3176 823 3230 dixerit.
860 3178 891 3230 A.
912 3194 934 3230 e.
955 3209 986 3215 -
1005 3179 1194 3246 nepotesque?
1552 3180 1556 3198 ³

488 3356 501 3402 l
520 3349 562 3403 De
582 3348 665 3402 verbo
684 3349 737 3401 hoc
753 3365 805 3415 pro
824 3351 929 3412 infamia
946 3345 1039 3413 posito
1057 3364 1082 3398 v.
1095 3346 1214 3400 Brisson.
1235 3348 1269 3401 de
1282 3347 1366 3400 Verb.
1386 3346 1462 3414 Sign.
1481 3349 1507 3401 h.
1521 3366 1546 3402 v.

402 3440 591 3490 Berolinenses.
826 3482 827 3485 ,

487 3525 503 3571 2
522 3517 636 3586 Septem
653 3533 748 3570 versus
766 3514 915 3584 perierunt.

488 3610 503 3656 3
523 3602 592 3655 Octo
610 3617 705 3655 versus
723 3598 872 3669 perierunt.

487 3693 503 3740 4
523 3685 604 3739 Cod:
624 3706 671 3739 sun
686 3727 839 3738 ........
871 3684 959 3737 Maius
977 3684 1070 3753 posuit
1092 3683 1120 3736 in
1143 3685 1221 3738 textu
1239 3685 1388 3739 lectionem
1406 3685 1547 3752 marginis,

488 3778 503 3824 5
522 3770 681 3838 Sequuntur
693 3770 825 3836 quattuor
837 3769 994 3821 litterarum
1006 3767 1173 3834 vestigia-
1184 3767 1223 3821 Cf.
1234 3769 1341 3836 Digest.
1353 3768 1459 3822 XLVll.
1475 3775 1498 3823 7.
1512 3776 1558 3834 2.,·

402 3855 504 3911 Paulus
527 3853 560 3907 V.
581 3860 622 3907 20.
660 3854 754 3907 Maian.
1289 3894 1291 3896 ,

486 3945 502 3992 6
522 3937 615 3992 Codex
634 3936 724 3990 addit:
749 3936 860 3990 SOLLE
880 3979 905 3989 ..
936 3937 1111 3991 Ecksteinius
1130 3939 1286 4007 suspicatur
1304 3945 1401 3995 seilicet
1420 3940 1548 4007 supplen-

402 4026 467 4078 dum
486 4040 556 4078 esse.
1290 4040 1291 4045 ¹

486 4115 500 4162 7
520 4107 625 4162 Codex:
646 4105 768 4159 CANN.
790 4148 795 4157 .
815 4148 820 4158 .
840 4104 898 4159 UIS
920 4149 923 4158 .
945 4145 950 4156 .
971 4149 975 4158 .
994 4106 1028 4158 'N
1043 4149 1047 4159 .
1064 4149 1089 4158 ..
1128 4107 1191 4160 Non
1209 4106 1334 4159 divinare
1352 4122 1463 4173 possum
1482 4107 1547 4171 quid

400 4194 496 4248 lateat.
534 4191 711 4246 Postremum
728 4190 895 4244 vocabulum
914 4191 1040 4258 suspicor
1058 4208 1118 4244 esse
1137 4210 1216 4245 nemo.

485 4285 501 4332 8
520 4276 651 4343 Sequitur
674 4274 740 4328 (lod.
764 4293 790 4343 p.
811 4281 868 4328 303.
905 4275 936 4327 In
959 4277 1084 4329 extrema
1106 4291 1172 4342 pag.
1192 4280 1242 4326 304
1259 4275 1317 4326 tres
1341 4290 1437 4325 versus
1460 4274 1547 4341 perio-

400 4364 471 4415 runt.
514 4362 651 4428 Pleraque
670 4359 764 4412 omnia
781 4359 810 4410 in
827 4376 892 4427 pag.
912 4365 961 4413 303
981 4376 1013 4412 ex
1031 4358 1159 4426 margine
1177 4360 1248 4410 sunt.

485 4454 500 4500 9
519 4446 541 4498 E
559 4443 687 4512 margine
706 4443 855 4510 superiore.

471 4538 501 4584 10
519 4530 541 4583 E
560 4527 687 4596 margine
706 4526 854 4595 superiore.

469 4622 499 4668 11
519 4615 541 4667 Ε
560 4612 687 4680 margine
704 4611 805 4665 medio.

469 4707 499 4754 12
518 4699 540 4752 ll
559 4697 686 4765 margine
707 4696 845 4750 inferiore.
