4142 5659
850 675 1133 729 PROLEGOMENA.
1346 729 1353 737 ,
1495 695 1562 741 Xlll

415 849 523 930 betur,
554 848 669 931 quibus
697 869 785 912 nunc
812 847 846 910 in
875 847 1069 911 oblitteratis
1091 846 1222 930 paginis
1244 846 1370 910 nullum
1393 848 1442 910 est
1462 869 1562 911 reme-

416 951 512 1014 dium.
559 950 750 1013 Rectissime
773 949 915 1013 ostendit
936 948 1101 1012 Iaeobsius
1123 949 1158 1011 in
1175 948 1289 1012 Diario
1311 948 1562 1013 Zimmermanni

415 1074 510 1135 saepe
532 1052 656 1115 Maium
686 1052 721 1115 in
750 1043 890 1114 editione
912 1049 1059 1113 Romana
1087 1071 1146 1133 pro
1170 1050 1288 1114 codicis
1310 1050 1503 1115 lectionibus
1526 1052 1560 1115 in

414 1157 539 1220 textum
561 1154 719 1235 recepisse
743 1153 943 1215 coniecturas
966 1150 1239 1234 Berolinensium3
1274 1153 1327 1235 qui
1357 1174 1455 1236 quum
1475 1152 1562 1215 haud

415 1278 487 1319 raro
510 1255 684 1319 divinando
708 1254 846 1317 assecuti
869 1254 936 1316 sint
958 1253 1034 1337 quid
1049 1251 1170 1316 Fronto
1189 1254 1321 1337 dederit,
1346 1254 1451 1318 Maius
1474 1257 1561 1318 recte

415 1358 602 1440 sancierit,
623 1357 753 1432 fecisset
768 1359 877 1418 tamen
893 1356 1027 1437 rectius,
1053 1355 1080 1418 si
1094 1355 1272 1419 monuisset
1291 1355 1435 1419 lectores.
1473 1356 1560 1418 Alibi

415 1482 539 1543 quoque
561 1459 611 1522 vir
633 1446 905 1521 eminentissimus
929 1457 1129 1520 coniecturas
1151 1458 1285 1540 recipit,
1310 1479 1391 1541 quae
1415 1479 1487 1521 cum
1510 1479 1560 1521 co-

415 1562 484 1625 dice
499 1562 569 1644 ipso
584 1560 717 1623 minime
740 1559 947 1623 conveniunt.
978 1559 1149 1622 Lectorum
1170 1581 1285 1642 parum
1307 1560 1479 1622 interesset
1500 1558 1561 1623 hoc

415 1663 511 1745 scire,
542 1663 569 1725 si
601 1662 699 1725 codex
722 1661 955 1725 Ambrosianus
977 1659 1096 1743 ubique
1118 1659 1184 1745 legi
1206 1665 1331 1744 posset,
1364 1682 1492 1743 verum,
1525 1664 1563 1724 ut

415 1765 490 1847 dixi,
514 1764 684 1846 pleraeque
706 1763 846 1846 paginae
868 1762 1000 1846 nigrum
1023 1762 1160 1825 colorem
1183 1761 1358 1844 duxerunt,
1381 1762 1478 1826 iniis
1501 1762 1561 1847 igi-

415 1869 469 1928 tur
489 1866 665 1949 pendemus
689 1886 705 1928 e
728 1864 824 1927 dubia
846 1863 925 1927 Maii
953 1863 1025 1926 fide.
1070 1862 1255 1925 istiusmodi
1283 1864 1362 1927 locis
1385 1864 1453 1940 *feci
1476 1865 1560 1947 quod

415 1967 517 2033 solum
539 1967 630 2050 potui
645 1969 678 2030 et
693 1965 847 2048 descripsi
870 1965 1023 2029 lectiones
1046 1985 1125 2047 quas
1144 1964 1274 2028 exhibet
1290 1964 1386 2028 editio
1401 1965 1559 2048 Romana,

415 2068 470 2131 sed
492 2091 668 2151 numquam
690 2067 819 2155 neglexi
841 2087 987 2148 monere,
1013 2065 1040 2128 si
1062 2065 1190 2148 quando
1212 2067 1355 2129 incertae
1377 2066 1505 2130 litterae
1529 2071 1562 2130 et

415 2169 587 2234 volitantes
617 2170 712 2234 amici
741 2169 843 2232 aciem
872 2168 1055 2250 effugerint.
1101 2167 1185 2230 Fieri
1213 2170 1320 2250 potest
1347 2169 1465 2251 utqui
1487 2172 1561 2252 post

413 2271 533 2353 veniat,
558 2269 612 2335 hic
633 2271 700 2335 illic
722 2270 818 2354 paulo
840 2270 933 2352 plura
956 2269 1132 2332 describat:
1156 2272 1188 2332 et
1204 2269 1390 2332 credosane
1411 2270 1457 2333 ita
1479 2270 1558 2353 fore,

413 2395 490 2436 nam
513 2394 550 2435 ea
571 2372 639 2436 fere
662 2376 711 2436 est
733 2372 961 2454 rescriptorum
982 2371 1126 2434 codicum
1146 2374 1279 2454 natura,
1303 2375 1341 2434 ut
1361 2393 1455 2435 nemo
1477 2394 1560 2435 unus

414 2475 522 2537 omnia
539 2474 708 2539 exhaurire
730 2474 846 2557 possit,
869 2474 924 2536 sed
945 2474 1098 2557 pleraque
1116 2476 1248 2536 aeterna
1262 2495 1327 2536 nox
1349 2474 1467 2556 premit
1488 2496 1559 2556 pre-

414 2579 552 2660 metque.
582 2576 623 2639 ln
638 2575 730 2639 novis
745 2576 877 2638 venenis
893 2574 983 2638 nulla
1005 2575 1101 2638 salus
1135 2573 1260 2638 Codicis
1283 2575 1557 2660 orthographiam,

414 2680 450 2741 ut
472 2678 604 2761 quisque
628 2677 829 2763 considerare
852 2680 960 2759 posset
982 2676 1066 2759 quid
1088 2675 1244 2739 Frontoni
1266 2677 1427 2759 peculiare
1448 2677 1573 2763 fuerit,¹

414 2779 489 2861 quid
512 2778 636 2842 librarii
658 2778 852 2859 invexerint,
877 2778 1065 2861 plerumque
1080 2777 1210 2841 retinui.
1242 2777 1281 2840 In
1297 2781 1439 2842 extrema
1456 2779 1558 2842 cuius-

415 2901 475 2962 que
498 2881 719 2963 quaternionis
741 2879 864 2963 pagina
887 2879 1080 2943 adscribitur
1102 2902 1264 2943 numerus.

500 2981 562 3046 Sed
591 2983 761 3046 dicendum
784 2984 833 3044 est
863 2982 902 3045 de
926 2985 1114 3045 correctore.
1163 2982 1362 3046 Emendatus
1389 2981 1487 3046 codex
1510 2986 1559 3046 est

417 3083 539 3147 collatis
568 3083 803 3166 exemplaribus
831 3106 850 3146 a
880 3081 1018 3147 Caecilio
1045 3084 1196 3166 quodam,
1234 3085 1322 3147 cuius
1344 3105 1463 3147 nomen
1486 3106 1559 3148 cum

412 3184 487 3248 olim
520 3186 683 3269 legeretur
722 3186 758 3248 in
796 3188 938 3248 extremo
975 3185 1057 3247 libro
1089 3183 1138 3246 ΙΙΙ
1172 3185 1211 3246 ad
1245 3183 1430 3266 Caesarem,
1447 3211 1453 3229 s
1470 3202 1560 3248 nunc

412 3309 541 3369 prorsus
565 3287 706 3350 evanuit.
753 3285 888 3361 Quando
910 3286 971 3349 iste
995 3284 1152 3349 Caecilius
1175 3284 1300 3365 vixerit,
1325 3307 1391 3347 non
1415 3289 1558 3350 constat:
1639 3283 1647 3291 ’

413 3384 515 3450 utitur
536 3388 654 3452 litteris
678 3388 828 3470 cursivis,
852 3387 1033 3468 inclinatis3
1057 3408 1139 3469 quae
1156 3385 1374 3470 negligentior
1397 3387 1557 3468 scriptura

414 3490 462 3552 vel
496 3490 726 3572 antiquissimis
760 3490 956 3572 temporibus
988 3490 1022 3552 in
1051 3511 1111 3552 usu
1136 3489 1209 3551 fuit.
1254 3487 1370 3551 Itidem
1402 3487 1456 3551 hic
1489 3488 1556 3552 illic

414 3595 547 3673 apparet
568 3589 773 3675 in'margine
797 3591 901 3655 Orosii
925 3591 1050 3656 Codicis
1066 3591 1255 3654 Florentini.
1285 3589 1400 3653 Amico
1415 3612 1486 3653 meo
1509 3612 1559 3654 co-

413 3690 473 3755 dex
495 3693 682 3757 emendatus
704 3684 830 3755 videtur
856 3691 942 3756 haud
964 3694 1010 3756 ita
1033 3693 1098 3775 diu,
1122 3684 1556 3775 anteq'uamrescriberetur.

414 3792 581 3857 (lorrector
602 3793 758 3859 vocabula
788 3795 976 3857 continuata
999 3794 1108 3857 divisit
1131 3816 1168 3858 eo
1190 3796 1284 3879 signo
1307 3795 1390 3877 quod
1413 3795 1495 3877 dixi,
1526 3800 1560 3859 et

412 3895 446 3957 in
469 3895 626 3979 margine,
652 3895 808 3978 quaesibi
824 3898 939 3958 notatu
961 3896 1062 3980 digna
1084 3896 1278 3978 viderentur,
1302 3895 1458 3960 indicavit
1479 3896 1556 3960 lem-

412 3997 523 4060 matis:
560 3996 681 4060 seholia
705 4000 790 4061 certe
813 3997 876 4060 dici
898 4019 965 4060 non
987 4000 1131 4080 possunt.
1178 3997 1280 4080 Saepe
1303 3999 1489 4062 emendator
1510 4021 1558 4063 re-

412 4098 527 4178 petivit
549 4121 648 4162 unam
670 4099 816 4181 pluresve
839 4091 1027 4182 sententias,
1052 4086 1132 4182 quae
1154 4099 1215 4162 sibi
1230 4085 1450 4163 memorabiles
1472 4100 1557 4163 vide-

412 4202 540 4276 rentur,
564 4198 658 4283 sabpe
682 4199 761 4262 satis
783 4199 898 4263 habuit
920 4221 1020 4262 unum
1043 4202 1176 4264 verbum
1197 4199 1293 4282 paulo
1315 4200 1418 4263 rarius
1442 4202 1557 4264 exscri-

412 4300 497 4384 bere,
521 4301 701 4383 interdum,
726 4302 835 4384 paucis
861 4301 964 4364 verbis
986 4301 1193 4384 transpositis
1217 4305 1249 4364 et
1270 4301 1464 4383 immutatis,
1488 4301 1556 4366 fere

412 4401 575 4486 integram
597 4403 753 4487 paginam
775 4403 1015 4485 transscripsit,
1051 4403 1106 4466 sed
1133 4402 1223 4465 nulla
1251 4404 1300 4465 est
1327 4403 1362 4465 in
1389 4402 1440 4465 his
1469 4406 1556 4466 certa

397 4502 509 4585 ,rati03
531 4504 567 4566 in
590 4507 733 4566 extrema
756 4503 872 4566 codicis
894 4505 1002 4586 parte,
1026 4525 1119 4586 quae,
1143 4505 1179 4565 ut
1200 4502 1281 4584 dixi,
1305 4500 1480 4568 Mediolani
1503 4506 1555 4568 ad-

413 4607 566 4686 servatur,
591 4605 686 4687 paulo
708 4604 801 4688 plura
824 4589 978 4688 eirotavit,
1003 4606 1058 4668 sed
1081 4605 1204 4669 Graeca
1225 4626 1292 4667 non
1315 4605 1434 4689 attigit.
1466 4605 1555 4671 (lete-

412 4727 482 4768 rum
504 4705 651 4770 dubitare
672 4709 785 4790 possis,
810 4709 918 4770 utrum
935 4706 1092 4771 Caecilius
1107 4706 1206 4769 fuerit
1221 4707 1276 4789 qui
1290 4707 1396 4788 ipsum
1410 4712 1555 4772 nostrum
