4142 5659
858 677 1139 733 rnonnsonam.
1538 702 1575 747 ῃ

424 853 553 936 quando
569 854 731 934 repertum
748 852 819 933 erit,
845 851 939 914 simul
954 852 1155 936 habebimus,
1174 857 1210 917 ut
1225 875 1299 916 mox
1316 855 1452 936 patebit,
1476 854 1576 917 Fron-

424 954 551 1018 toniani
588 953 720 1035 codiciS,
756 953 809 1036 qui
843 975 930 1016 nunc
966 955 1082 1017 desunt
1109 956 1229 1019 medios
1257 957 1496 1038 quaterniones
1542 956 1575 1021 Si

425 1057 496 1140 quis
525 1055 676 1118 amissum
704 1055 854 1119 volumen
876 1059 1023 1139 quaeret,
1055 1057 1138 1139 quod
1166 1057 1235 1120 fore
1244 1066 1251 1078 ²
1264 1078 1357 1140 spero
1385 1059 1440 1141 qui
1467 1059 1575 1122 facere

424 1158 537 1239 velint,
562 1157 644 1220 sciat
658 1157 757 1219 libros
773 1156 948 1221 Bobienses
971 1159 1155 1240 pervenisse
1172 1158 1319 1241 Romam,
1343 1160 1572 1242 Mediolanum,

424 1260 598 1340 Veronam,
623 1258 810 1341 Neapolim,
835 1258 1061 1322 Vindobonam
1084 1263 1117 1322 et
1139 1262 1323 1344 Augustam
1345 1261 1574 1343 Taurinorum,

425 1361 658 1425 Escorialensis
691 1360 886 1424 bibliotheca
920 1384 962 1424 an
996 1361 1095 1424 libros
1129 1361 1304 1426 Bobienses
1332 1362 1466 1445 habeat,
1508 1385 1575 1426 non

428 1463 577 1545 comperi.

510 1563 654 1646 Uterque
678 1564 775 1627 codex
797 1566 972 1648 rescriptus
994 1568 1058 1649 est3
1080 1570 1154 1648 post
1170 1570 1318 1630 renatam
1334 1570 1474 1630 veterem
1496 1568 1571 1630 scri-

426 1669 555 1750 pturam
589 1669 809 1750 apparuerunt
841 1670 970 1750 praeter
1002 1667 1181 1731 Frontonis·
1204 1667 1366 1751 Epistolas
1390 1666 1575 1752 Symmachi

427 1766 613 1851 Orationes,
646 1767 808 1832 Ciceronis
837 1768 1018 1833 Scholiasta
1052 1769 1221 1834 Bobiensis
1249 1771 1304 1853 qui
1332 1773 1444 1853 postea
1472 1769 1575 1832 dictus

427 1873 491 1953 est,
515 1891 619 1952 pauca
641 1871 797 1952 quaedam
819 1871 1004 1954 fragmenta
1025 1870 1306 1954 Moeso-Gothica,
1337 1872 1473 1960 denique
1500 1870 1576 1933 laci-

427 1973 501 2034 niae
527 1975 695 2035 ·tractatus
730 1972 767 2034 de
796 1970 922 2035 haeresi
950 1973 1156 2036 Arianorum.
1206 1973 1377 2037 Praeterea
1406 1974 1440 2035 in
1469 1972 1576 2035 codice

427 2059 587 2137 Vaticano
609 2073 741 2136 unicum
755 2073 869 2136 folium
884 2074 986 2137 Persii
1006 2075 1228 2159 fragmentum
1251 2075 1349 2138 habet
1372 2077 1404 2138 et
1427 2075 1574 2155 alterum,

427 2175 539 2239 itidem
566 2174 714 2257 unicum,
750 2176 971 2260 fragmentrnn
998 2176 1170 2240 luvenalis.
1215 2176 1254 2239 ln
1282 2175 1497 2238 Ambrosiano
1527 2196 1575 2238 co-

428 2277 497 2340 dice
526 2280 597 2341 octo
624 2277 765 2362 paginae
794 2277 916 2341 hahent
942 2281 1068 2361 partem
1095 2277 1192 2341 Plinii
1215 2277 1417 2361 Panegyrici.
1462 2276 1576 2358 Itaque

428 2382 602 2462 supersunt
635 2383 707 2442 octo
742 2380 887 2443 codicum
919 2380 1121 2464 fragmenta,
1154 2379 1417 2443 Moeso-Gothica
1444 2378 1576 2441 Reiffer-

430 2479 590 2544 scheidius
618 2481 653 2543 ni
681 2480 777 2544 fallor
805 2482 947 2545 editurus
976 2470 1048 2565 est3'
1075 2482 1177 2545 Persii
1206 2485 1239 2545 et
1265 2480 1426 2545 Iuvenalis
1456 2481 1576 2543 amicus

428 2605 517 2645 meus
541 2582 747 2650 collationem
770 2584 857 2646 dedit
878 2584 913 2647 in
936 2589 1064 2649 Schedia
1092 2591 1260 2666 Vaticanis,
1289 2585 1328 2646 ad
1351 2581 1577 2666 Symmachum

429 2687 463 2747 et
485 2683 647 2749 Ciceronis
664 2683 879 2749 Scholiastam
901 2687 985 2749 idem
1007 2690 1130 2769 postea,
1154 2689 1192 2748 ut
1213 2707 1315 2768 sper0,
1340 2684 1471 2766 redibit3
1494 2683 1577 2766 quod

335 2867 338 2871 Ι
429 2787 454 2848 si
488 2787 595 2849 minus
631 2789 760 2870 exsequi
792 2789 912 2870 poterit
943 2792 1075 2870 propter
1108 2810 1179 2850 eam
1213 2809 1342 2850 causam
1375 2809 1471 2869 quam
1499 2785 1575 2866 dixi,

430 2888 524 2951 amici
549 2889 616 2951 eius
640 2889 810 2973 curabunt,
834 2912 875 2952 ne
898 2893 966 2952 tam
987 2890 1077 2952 utilis
1099 2912 1195 2972 opera
1217 2889 1313 2952 nimis
1337 2888 1390 2950 diu
1412 2888 1522 2950 lateat.

514 2989 661 3072 Scriptus
690 2994 738 3053 est
767 2991 864 3054 codex
894 2991 1149 3073 Frontonianus,
1182 2992 1270 3053 cuius
1291 2990 1414 3053 Romae
1437 2989 1577 3073 paginae

433 3093 506 3173 106,
542 3092 717 3156 Mediolani
744 3092 884 3176 paginae
912 3092 975 3156 282
1004 3096 1148 3156 servatae
1177 3095 1263 3173 sunt,
1293 3092 1379 3155 binis
1409 3091 1575 3171 columnis,

429 3216 563 3277 quarum
587 3192 733 3276 singulae
756 3215 864 3256 versus
887 3193 1009 3257 habent
1037 3193 1156 3257 XXIV.
1201 3193 1240 3255 In
1268 3193 1404 3275 singulis
1433 3192 1577 3254 versibus

429 3295 609 3358 litterarum
626 3316 783 3375 ‚numerus
806 3317 872 3358 non
896 3298 1000 3358 certus
1024 3298 1083 3377 est,
1108 3317 1180 3358 raro
1202 3297 1315 3358 tamen
1338 3294 1424 3357 infra
1446 3291 1577 3375 quinde-

430 3397 492 3459 cim
514 3396 564 3459 vel
587 3418 683 3478 supra
705 3396 833 3480 viginti.
878 3397 970 3480 lpsae
994 3397 1121 3460 litterae
1144 3396 1305 3480 speciosae
1329 3397 1414 3477 sunt,
1439 3393 1576 3456 semiun-

412 3497 525 3590 ,dales
549 3519 586 3561 ac
608 3498 704 3580 paulo
727 3499 927 3562 rotundatas.
973 3499 1022 3562 De
1045 3500 1223 3583 scripturae
1252 3501 1357 3562 aetate
1380 3496 1487 3560 variae
1509 3495 1576 3558 fue-

429 3602 506 3662 runt
527 3600 669 3663 virorum
692 3600 858 3663 doctorum
880 3601 1064 3683 opiniones:
1087 3600 1191 3663 Maius
1215 3599 1473 3682 antiquissimam
1495 3596 1576 3659 iudi-

431 3703 483 3764 cat
505 3703 539 3764 et
552 3702 615 3784 ipsi
638 3701 794 3765 Frontoni
816 3724 915 3785 prope
932 3703 1112 3785 aequalem,
1135 3701 1313 3766 Niebuhrio
1336 3701 1417 3763 liber
1438 3701 1577 3782 scriptus

430 3825 498 3866 esse
521 3803 647 3866 videtur
668 3803 764 3885 paulo
787 3806 863 3866 ante
886 3804 1014 3887 septimi
1037 3803 1157 3867 saeculi
1178 3803 1317 3866 initium.
1363 3802 1465 3865 Addit
1486 3821 1577 3884 prae-

430 3909 529 3986 terea,
554 3904 593 3967 de
615 3926 678 3987 qua
700 3926 735 3967 re
758 3904 892 3968 lectores
915 3905 1069 3968 iudicium
1090 3905 1175 3968 ferre
1197 3906 1351 3987 poterunt
1373 3926 1412 3992 911
1434 3904 1576 3987 imagine

431 4007 497 4071 acri
513 4005 626 4087 incisa,
650 4028 746 4088 quam
761 4005 866 4069 Maius
888 4007 1011 4069 addidit
1017 4005 1223 4088 ,Frontonis
1245 4005 1363 4069 codicis
1385 4005 1577 4087 scripturam

429 4108 464 4170 in
486 4107 655 4191 permultis
677 4107 796 4170 referre
818 4107 1055 4171 Pandectarum
1077 4108 1196 4171 librum
1218 4107 1451 4171 Florentinum.
1492 4105 1577 4168 Ean-

366 4203 372 4212 ’
430 4210 502 4272 dem
531 4230 599 4272 esse
621 4209 805 4272 iuncturam
826 4210 1009 4273 litterarum
1031 4209 1062 4273 N
1086 4213 1119 4272 et
1140 4208 1183 4291 T,
1219 4230 1413 4291 quamquam
1441 4206 1504 4268 alia
1532 4207 1576 4268 di-

429 4333 522 4375 versa
545 4312 626 4393 sint,
655 4332 759 4393 neque
783 4314 937 4395 appareat
958 4312 994 4374 in
1016 4310 1235 4374 Frontoniano
1258 4309 1365 4372 codice
1393 4307 1414 4371 S
1437 4307 1515 4370 illud
1539 4328 1577 4369 ex

378 4492 381 4493 ⁷
431 4414 556 4476 cursiva
579 4413 716 4495 petitum
739 4413 908 4495 scriptura.
953 4412 994 4475 ln
1016 4413 1201 4475 universum
1223 4409 1454 4492 elegantiorem
1476 4408 1577 4471 multo

429 4516 599 4598 minusque
622 4514 812 4578 festinatum
834 4536 902 4578 esse
922 4513 1179 4577 Frontonianum
1195 4512 1345 4576 codicem.
1378 4509 1577 4593 Quamquam

345 4669 349 4676 .
429 4615 626 4680 Niebuhrius
641 4615 727 4678 Maio
748 4638 814 4679 non
836 4616 1009 4698 persuasit,
1032 4617 1182 4678 accurata
1204 4614 1348 4678 codicum
1367 4612 1576 4676 vetustiorum

431 4716 560 4782 collatio
604 4717 799 4781 monstrabit
837 4739 909 4781 eum
947 4738 1014 4781 non
1047 4716 1145 4800 longe
1179 4715 1344 4778 aberrasse
1379 4737 1397 4777 a
1428 4714 1574 4777 veritate.
