4142 5659
592 691 642 745 AD
660 689 883 747 ANTONINUM
900 690 972 745 IMP.
992 690 1040 745 ΕΤ
1059 690 1210 746 INVICEM
1228 692 1335 746 LIBER
1353 692 1386 747 ΙΙ.

417 966 531 1028 ¹Artes
553 966 768 1049 imperatoriae
789 965 909 1028 honore
934 963 1079 1052 [summo]
1110 965 1237 1029 habitae
1259 1015 1266 1028 .
1292 1015 1298 1028 .
1323 965 1399 1047 quid
1423 1016 1429 1028 .
1455 1016 1461 1028 .
1492 988 1562 1048 spe-

414 1067 615 1131 rent..ab
646 1064 725 1154 [per]
758 1067 1560 1150 ..tibinat..is,..quitum..rem..

416 1168 531 1231 omnia.
556 1168 582 1252 11
603 1167 654 1232 Ne
680 1169 752 1252 agri
778 1167 906 1252 quidem
932 1169 1037 1231 forma
1064 1169 1352 1253 praetereunda³³:
1380 1175 1472 1233 Mure
1497 1191 1562 1233 sne-

414 1291 495 1347 uum,
524 1276 745 1348 importuosum:
780 1292 855 1349 uper
876 1274 1004 1350 frupum
1029 1273 1157 1348 fertilis,
1187 1275 1283 1335 bonus
1300 1276 1422 1352 pecori,
1458 1277 1565 1335 urbori

414 1375 615 1449 infecundus:
637 1379 722 1436 coelo
746 1383 890 1451 terraque
905 1379 1062 1451 paenuriu
1084 1394 1244 1452 uquarum.
1291 1378 1390 1436 Genus
1410 1376 1563 1436 bominum

414 1479 531 1538 salubri
551 1495 690 1554 corpore,
714 1481 814 1557 uelox,
835 1481 956 1554 potiens
978 1479 1101 1539 laboris.
1144 1476 1229 1539 Neo⁴¹
1247 1481 1408 1553 plerosque
1429 1485 1564 1539 senectus

361 1620 366 1646 i
415 1581 559 1656 dissoluit,
584 1583 645 1640 misi
664 1583 718 1655 pul
734 1581 825 1655 ferro
848 1587 901 1640 unt
923 1581 1031 1663 bestiis
1044 1582 1196 1640 interiere.
1236 1580 1315 1639 Nurn
1336 1579 1455 1640 morbus
1476 1580 1563 1639 bend

415 1698 504 1756 snepe
526 1679 634 1757 quemm⁵
656 1691 783 1758 superui
806 1727 1009 1742 .......
1019 1680 1031 1719 1
1054 1699 1121 1741 uon
1142 1677 1247 1741 inseii.

498 1784 537 1842 Im
564 1801 691 1858 repmum
719 1788 852 1845 umirnurn
880 1785 1018 1844 intendit.
1054 1786 1120 1858 ipse
1141 1801 1229 1858 noer,
1265 1784 1436 1847 bellicosus:
1472 1793 1505 1846 ul
1525 1787 1560 1858 is,

415 1901 500 1959 quern
516 1885 650 1960 petebat,
675 1889 799 1964 quietus,
823 1887 948 1961 inbellis,
969 1886 1097 1961 placido
1119 1889 1250 1960 impenio,
1276 1894 1464 1961 opportunus
1485 1890 1567 1947 inin-v

415 1990 497 2055 rinei
513 1994 645 2047 metuens
666 1991 765 2063 inopis
787 2005 877 2063 quum
899 1984 1106 2048 metuemdtm.⁷
1131 2032 1239 2048 .....
1263 1987 1301 2047 Im
1324 1992 1446 2049 consule
1459 1996 1563 2049 nostro
1655 2049 1661 2059 J

415 2090 527 2148 multoe
550 2090 702 2165 bonumque
730 2097 813 2150 ortes
835 2085 881 2150 et8
904 2092 1002 2150 nmimmi
1026 2097 1056 2149 et
1076 2092 1216 2165 eorporis
1237 2096 1341 2159 erunt,
1371 2108 1447 2165 quus
1468 2093 1564 2150 olmmis

330 2188 332 2192 ’
416 2192 547 2252 nunritiu
563 2191 804 2267 praepediebat:
830 2194 951 2267 potiens
972 2193 1119 2264 laborum,
1149 2193 1219 2251 nori
1239 2193 1367 2266 impemio,
1396 2195 1472 2252 sutis
1487 2209 1562 2267 pro

416 2293 528 2361 uidens,
552 2295 625 2352 belli
644 2294 730 2352 buud
750 2296 888 2368 ipmnrus,
916 2296 1104 2366 firmissimus
1132 2299 1243 2353 contro
1263 2296 1406 2369 pericula
1434 2301 1463 2353 et
1489 2296 1561 2353 insi·

416 2390 500 2454 dius⁹
531 2439 538 2454 .
566 2441 572 2452 .
598 2441 604 2453 .
630 2391 744 2474 deinde
769 2413 805 2455 oo
835 2440 842 2455 .
869 2441 875 2455 .
902 2393 944 2455 ,11
981 2397 1144 2456 Emereilus
1166 2398 1196 2454 ei
1215 2396 1233 2454 b
1254 2397 1386 2456 traditus
1408 2413 1428 2454 u
1448 2395 1562 2471 Spurio

416 2497 524 2557 Albino
544 2499 724 2572 proconsule
751 2499 848 2571 iners,
883 2498 999 2557 imbellis
1026 2514 1122 2572 meque
1143 2499 1279 2572 periculi
1303 2515 1399 2572 meque
1423 2499 1562 2558 lnborurn
1668 2543 1672 2550 .

413 2602 541 2673 potiens,
565 2601 672 2673 linpuu
694 2615 784 2673 quarn
806 2616 899 2660 mmmm
911 2601 1072 2674 promtior,
1092 2601 1264 2674 praedator
1278 2616 1319 2659 em
1333 2602 1430 2673 sociis,
1455 2603 1563 2675 etipse

410 2702 534 2774 pruedu
555 2702 700 2775 bostium,
725 2704 790 2761 sine
811 2704 938 2778 imperio
955 2697 994 2782 1¹1
1015 2708 1045 2761 et
1066 2702 1212 2760 modestia
1233 2701 1361 2760 dubitus.
1398 2703 1449 2760 Ilo
1471 2703 1562 2778 irnpe-

415 2804 513 2862 rutorl
533 2819 610 2863 mono
626 2806 700 2878 plus
721 2820 761 2862 ea
783 2805 869 2863 mulis
890 2804 1022 2864 moribus
1044 2803 1265 2876 sollicitudinis,
1295 2820 1385 2877 quum
1410 2819 1451 2862 em
1471 2805 1562 2878 copim

415 2906 540 2964 militurn
563 2907 676 2965 uumilii
696 2912 752 2966 nul
773 2906 870 2965 bomne
890 2908 957 2981 spel
975 2906 1148 2965 accedebat.
1160 2899 1186 2939 ¹²
1199 2939 1242 2947 —
1258 2904 1337 2964 Nnrm
1352 2905 1477 2964 Albinus
1492 2905 1564 2964 Auli

412 3005 527 3076 fratris
553 3009 764 3082 emeritusque
790 3010 880 3068 elude
901 3010 1078 3083 perculsus,
1104 3014 1269 3084 postquurm
1298 3009 1476 3084 decreuerat
1502 3023 1561 3066 nom

415 3110 521 3182 epredi
534 3111 714 3184 prouincia,
748 3118 894 3185 quantum
916 3112 1059 3185 temporis
1079 3111 1262 3169 aestiuorum
1291 3110 1323 3168 lm
1344 3111 1470 3183 irnperio
1487 3107 1560 3180 fuit,

499 3273 517 3310 a
534 3260 568 3309 In
585 3249 800 3327 murpine2'Agri
817 3259 915 3313 forma.

497 3341 516 3394 b
535 3345 569 3394 ln
586 3347 712 3408 marpime:
730 3342 833 3397 Forma
851 3342 976 3413 corrupti
993 3341 1137 3397 exereitus,

416 3439 618 3449 —.-—-—-—

499 3485 513 3532 1
533 3477 665 3546 Sequitur
686 3478 798 3546 lacuna,
820 3482 852 3533 ut
868 3479 991 3547 videtur,
1013 3478 1182 3548 paginarum
1205 3480 1332 3546 quatuor.
1373 3477 1475 3547 incipit
1492 3478 1558 3533 Cod.

414 3564 509 3618 Ambr.
528 3583 555 3634 p.
570 3571 611 3632 82,
630 3580 702 3631 quae
720 3565 777 3633 legi
794 3565 899 3634 nequit.

498 3655 514 3702 2
531 3648 633 3718 Incipit
651 3647 717 3702 Ood.
737 3649 833 3704 Ambr.
852 3668 879 3719 p.
894 3655 935 3717 81,
954 3651 1081 3704 obseura.
1119 3649 1212 3703 Codex
1229 3668 1271 3719 pr.
1291 3667 1327 3703 m.
1346 3656 1426 3720 myrei.

499 3741 514 3788 3
533 3732 644 3786 Sallust.
664 3733 789 3802 Iugurth.
810 3741 887 3789 (117.
906 3741 948 3789 20.
967 3741 1008 3789 28.
1027 3741 1070 3788 44.

498 3816 629 3870 4Malim
647 3834 727 3870 sane:
745 3823 867 3873 laborum.
904 3823 946 3872 Ae
961 3827 1028 3887 pler.
1069 3819 1152 3889 Apud
1170 3818 1332 3873 Sallustium
1349 3840 1396 3873 nee
1413 3819 1498 3874 deest.

499 3903 577 3956 alta
595 3901 689 3957 Codex
705 3918 757 3972 pro
777 3923 922 3972 quemquam
940 3905 969 3958 et
987 3904 1042 3957 duo
1060 3905 1205 3973 superiora
1221 3905 1309 3958 verba
1327 3903 1452 3959 evanida.

497 3993 513 4040 6
532 3987 601 4042 Tres
619 4005 715 4041 versuo
734 3987 942 4043 interciderunt.

498 4078 513 4127 7
531 4071 643 4126 Excidit
660 4091 756 4128 versus
775 4090 844 4126 unus
863 4075 891 4128 et
909 4073 1049 4127 dimidius.

498 4158 576 4213 alsa
594 4157 657 4211 add.
678 4158 707 4211 in
726 4158 792 4212 Cod.
811 4157 815 4161 ’

497 4249 513 4296 9
532 4241 598 4296 Cod.
617 4242 693 4296 Maio
710 4242 858 4296 videbatur
876 4249 992 4298 invidias.
1029 4244 1102 4297 Tum
1119 4259 1256 4298 evanuere
1275 4245 1395 4312 quatuor
1412 4245 1532 4299 litterae.

481 4334 513 4382 10
532 4327 602 4381 Tres
619 4327 730 4383 litterae
749 4327 891 4384 evanidas.
922 4328 1006 4398 Apud
1018 4328 1180 4383 Sallustium
1197 4329 1301 4397 legitur
1313 4335 1425 4382 truditur
1443 4331 1472 4383 et
1488 4335 1558 4386 lubo-

412 4434 466 4467 rurn
481 4419 594 4482 poliens,
612 4429 669 4466 nou
686 4418 791 4469 laboris.

481 4505 511 4553 11
530 4497 632 4568 Incipit
650 4497 716 4552 Ood.
735 4498 832 4551 Ambr.
851 4517 878 4568 p.
889 4504 934 4565 95,
958 4499 1110 4554 admodum
1128 4500 1257 4567 obseura,
1282 4516 1366 4569 quam
1383 4500 1478 4554 tamen
1497 4517 1559 4555 oon·

412 4585 477 4637 tulit
495 4584 601 4637 amicus
619 4601 707 4652 usque
726 4582 775 4636 ad:
791 4595 929 4651 postremo.
960 4646 961 4649 Ἴ
1639 4640 1644 4649 ,

481 4673 512 4720 12
531 4668 632 4721 Omisit
648 4669 739 4722 Maius
758 4685 830 4736 quae
848 4670 1001 4737 sequuntur
1018 4670 1139 4724 litteras:
1158 4668 1320 4725 nostium:
1348 4673 1377 4725 et
1394 4688 1447 4740 ego
1465 4672 1558 4725 neseio

414 4752 552 4822 quidhoc
570 4753 615 4808 sit.
