4142 5659
509 689 569 753 152
717 686 753 738 M.
768 683 937 738 CORNELII
955 679 1163 735 FRCNTONIS
1180 679 1437 734 EPISTULARUM

506 859 571 922 tius
600 854 805 941 significabo:
837 856 877 919 τὰ
905 855 996 919 καινὰ
1025 853 1090 917 κοιὶ1
1122 852 1290 931 παράδοξα
1323 855 1389 917 τῶν
1424 852 1662 932 ἐνθυμημάτων

507 958 761 1025 εἰ..πεαύτὰ
789 961 944 1021 utu...
973 955 1277 1034 πεηπιθαν..δὲ
1304 954 1342 1017 τὸ
1370 956 1512 1020 οι..τὶ
1540 956 1659 1019 καὶ..

508 1049 586 1127 netu
614 1111 620 1125 .
649 1110 655 1123 .
700 1057 772 1122 Hoc
801 1079 861 1141 ego
890 1058 978 1120 anim
1007 1107 1013 1120 .
1040 1107 1047 1119 .
1077 1055 1175 1118 nullis
1203 1056 1384 1119 rationibus
1414 1106 1420 1119 .
1446 1105 1453 1117 .
1488 1054 1592 1119 libera
1618 1106 1625 1118 .
1654 1108 1661 1120 .

508 1184 609 1226 rarus.
655 1160 743 1225 Scias
772 1159 874 1242 igitur
899 1159 935 1221 in
963 1157 1023 1221 hoe
1051 1179 1115 1220 uno
1137 1156 1304 1221 eximiam²
1328 1157 1543 1241 eloquentiam
1566 1160 1663 1221 tuam

511 1264 667 1328 claudere.

593 1364 709 1428 Moneo
731 1364 832 1448 igitur
854 1362 999 1426 Marcum
1027 1384 1133 1425 meum
1163 1362 1261 1425 etiam
1290 1364 1386 1445 atque
1415 1361 1529 1443 etiam,
1559 1364 1595 1425 et
1624 1365 1664 1425 ut

510 1466 693 1531 meminerit
735 1465 882 1546 obsecre,
928 1464 1211 1547 quotienscumque
1257 1464 1453 1543 ἀδοξότερον
1494 1463 1664 1543 ἐνθύμημα

510 1569 616 1632 animo
651 1567 851 1649 conceperis,
886 1565 994 1629 volvas
1023 1564 1120 1647 illud,
1153 1564 1273 1628 temet³
1306 1565 1439 1628 diversis
1473 1569 1506 1629 et
1539 1566 1664 1628 variis⁴

508 1668 756 1754 figurationibus
778 1689 885 1731 verses
912 1669 1113 1749 temptesque
1136 1669 1168 1729 et
1189 1666 1295 1729 verbis
1318 1665 1494 1749 splendidis
1518 1667 1662 1731 excolas.

509 1771 594 1834 Nam
616 1792 697 1853 quae
719 1791 803 1832 nova
826 1771 858 1832 et
878 1769 1048 1851 inopinata
1071 1767 1275 1830 audientibus
1296 1771 1382 1850 sunt,
1406 1769 1588 1851 periculum
1612 1773 1665 1832 est

510 1872 572 1935 nisi
595 1873 752 1934 omertur
774 1873 807 1934 et
828 1870 1023 1954 figurentur,
1048 1890 1089 1932 ne
1111 1869 1282 1932 videantur
1304 1870 1473 1933 absurdab.

596 1971 711 2036 Cetera
739 1972 846 2034 omnia
873 1970 933 2034 tibi
960 1971 995 2033 in
1024 1970 1206 2054 eloquentia
1234 1970 1375 2052 expolita
1401 1971 1453 2035 et⁵
1483 1972 1665 2055 explanata

511 2075 596 2137 sunt.
642 2071 711 2136 Scis
733 2072 831 2136 verba
853 2094 1021 2156 quaerese,
1050 2071 1113 2134 sois
1135 2075 1262 2156 reperta
1284 2076 1371 2136 recte
1395 2071 1565 2156 collocare,
1598 2075 1664 2138 scis

512 2175 648 2238 colorem
671 2175 831 2238 sincerum
852 2173 1022 2238 vetustatis
1046 2173 1222 2257 appingere
1229 2189 1250 2256 θ,
1276 2175 1445 2239 sententiis
1463 2179 1571 2238 autem
1587 2198 1663 2260 gra-

510 2276 648 2340 vissimis
684 2279 716 2340 et
742 2275 977 2340 honestissimis
1007 2274 1189 2338 abundurc⁶
1213 2325 1385 2339 ......
1413 2283 1466 2354 pri
1472 2277 1556 2361 t⁷ma
1586 2300 1663 2342 con-

511 2378 590 2441 ditio
613 2381 676 2460 est3
705 2377 761 2440 ubi
778 2368 881 2441 'semel
904 2376 1107 2459 patefactae8
1130 2380 1222 2459 sunt,
1250 2376 1347 2440 facile
1376 2378 1526 2462 cognitae
1549 2380 1664 2464 negle-

512 2482 643 2564 guntur.
689 2477 860 2543 Contemni
888 2478 1024 2562 denique
1052 2479 1084 2540 et
1111 2477 1199 2541 nullo
1227 2477 1348 2542 honore
1372 2501 1440 2543 esse
1462 2479 1595 2543 rhetora
1617 2481 1663 2544 vi-

513 2581 786 2663 deaspobservari
803 2583 910 2644 autem
926 2583 959 2643 et
973 2579 1122 2643 omnibus
1137 2579 1252 2643 officiis
1272 2579 1332 2643 coli
1354 2580 1552 2664 dialecticos,
1576 2583 1664 2660 quod

512 2684 547 2745 in
571 2704 678 2745 eorum
700 2682 879 2745 rationibus
902 2704 1026 2764 semper
1042 2681 1168 2745 obscuri
1187 2681 1306 2764 aliquid
1322 2684 1354 2744 et
1368 2683 1536 2765 tortuosi9,
1561 2705 1663 2766 eoque

514 2785 552 2846 fit
578 2785 615 2845 ut
641 2782 798 2867 magistro
827 2783 1002 2867 discipulus
1024 2784 1158 2847 haereat
1180 2804 1305 2866 semper
1335 2786 1368 2846 et
1389 2783 1562 2868 inserviat,
1592 2786 1662 2849 vin-

501 2887 584 2948 ·ctus
607 2885 770 2968 perpetuis
793 2885 982 2968 quibusdam
1005 2884 1141 2948 vinculis
1165 2884 1351 2948 attineatur.

599 2986 694 3050 Dicet
722 2986 851 3070 aliquis:
889 2990 925 3049 tu
952 2987 1054 3071 igitur
1081 2989 1210 3070 praeter
1233 2990 1355 3049 ceteros
1378 2987 1532 3051 nimirum
1555 2991 1662 3053 verbis

514 3087 657 3172 pulchris
680 3091 713 3151 et
734 3088 916 3172 insignibus
939 3089 1039 3152 uteris
1049 3087 1098 3151 ¹⁰?
1120 3109 1180 3171 ego
1195 3088 1293 3150 immo
1309 3088 1492 3172 vulgaribus
1515 3094 1549 3153 et
1571 3092 1662 3154 obso-

514 3190 598 3254 letis.
644 3188 727 3264 Quid
754 3190 855 3273 igitur
883 3189 954 3253 est?
986 3189 1051 3253 nisi
1079 3190 1165 3252 istud
1193 3189 1308 3253 saltem
1336 3191 1466 3272 scirem,
1497 3191 1660 3256 deteriori-

514 3292 574 3354 bus
596 3294 712 3355 uterer·

600 3495 617 3531 a
635 3482 669 3531 In
686 3482 811 3545 marpine:
835 3476 913 3529 Mire.

599 3563 618 3616 b
638 3566 671 3616 Ie
688 3567 813 3628 margine:
831 3560 904 3613 Nam
922 3592 955 3599 —
973 3558 1101 3629 absurda.

602 3663 616 3698 c
635 3651 668 3698 In
685 3651 813 3714 marpine:
832 3645 960 3699 Colorem
978 3675 1011 3683 -
1028 3644 1190 3713 appingere.

602 3805 615 3851 1
634 3797 723 3852 Maius
745 3797 816 3865 legit
837 3799 880 3850 τά.
917 3797 1018 3852 Cetera
1040 3814 1126 3864 usque
1148 3798 1321 3852 adeltrudem
1340 3799 1472 3854 interiere
1491 3818 1582 3870 neque
1601 3819 1663 3856 con-

518 3884 591 3938 ferre
608 3881 695 3937 licuit.

602 3974 617 4020 2
637 3966 703 4021 Cod.
722 3967 833 4022 videtur
851 3973 965 4021 eximam.
991 3966 1118 4021 Correxit
1135 3967 1311 4021 Niebuhrius.

601 4053 677 4108 3An
700 4059 784 4107 volvas
807 4059 869 4107 illud
891 4064 977 4110 tecum.
1013 4057 1187 4119 Heindorfics.
1224 4051 1371 4120 Ingeniose
1398 4054 1549 4123 Hauptius:
1580 4064 1665 4112 volvos

516 4145 579 4194 illud
594 4137 747 4192 identidem
765 4139 794 4191 et
812 4143 927 4192 diversis.
1141 4148 1144 4153 ⁴

601 4229 617 4277 4
635 4223 697 4277 Duo
715 4223 852 4276 vocabula
870 4240 914 4291 ap.
932 4220 1037 4275 Maium
1056 4221 1190 4276 excidere.

603 4313 619 4361 5
637 4307 756 4375 Reliqua
774 4307 899 4361 evanida.
936 4306 1105 4360 Niebuhrius
1122 4307 1228 4360 mavult
1246 4313 1377 4376 expeditu.

603 4399 618 4446 6
635 4391 840 4446 Berolinenses:
859 4392 985 4446 abrcndes.

602 4483 616 4530 7
635 4476 736 4545 Incipit
754 4475 819 4530 Cod.
839 4494 866 4544 p.
886 4482 943 4530 376.

603 4562 680 4614 sita,
698 4560 803 4626 Codex3
821 4561 903 4614 aliter
920 4560 1017 4614 Maius.

603 4651 618 4698 9
637 4645 722 4699 Deest
742 4644 771 4697 in
790 4644 890 4699 Codice
907 4651 949 4702 sir.

588 4736 619 4784 10
638 4728 743 4787 Codex:
762 4739 842 4791 utens,
862 4727 937 4797 quod
956 4728 1077 4784 correxit
1094 4729 1269 4784 Niebuhrius.
