4142 5659
761 668 987 722 FRAGMENTA
1009 669 1196 725 MISCELLA.

688 887 755 974 pu.
794 888 821 953 n
845 846 1037 956 Planciano
1060 892 1267 974 surgentio.

489 1009 537 1072 De
560 1008 727 1072 Abstrusis
750 1007 970 1091 Semonibus,
996 1011 1044 1073 ed.
1069 1004 1197 1075 Lerseh}
1221 1035 1252 1096 p.
1270 1012 1380 1077 XVIII
1404 1020 1436 1080 et
1458 1016 1546 1081 XIX.

365 1117 374 1123 “
404 1111 455 1174 Ad
489 1110 605 1175 Gatrun
637 1109 874 1192 Presbyterum.
920 1110 1054 1175 XXXV.
1096 1112 1264 1177 Iustieium
1298 1115 1416 1180 dieitur
1444 1119 1547 1202 publi-

404 1235 459 1276 eus
494 1212 608 1275 luctus.
655 1209 748 1274 Unde
776 1210 896 1275 Fronto
921 1213 956 1275 iu
992 1214 1136 1278 oratione
1169 1238 1228 1299 pro
1259 1216 1449 1282 Nucerinis¹
1484 1221 1547 1306 ait:

403 1319 538 1392 Dareique
566 1319 709 1376 iustitium
733 1320 818 1392 plebi
849 1320 1003 1380 indicitur.
1050 1315 1241 1380 Conferatur
1269 1318 1352 1382 idem
1382 1322 1422 1384 ad
1451 1321 1547 1385 Chal-

404 1415 522 1478 oidium
538 1414 806 1479 Grammatioum:
830 1415 998 1479 Iustioium
1013 1417 1131 1481 dieitur
1145 1418 1250 1483 luetus
1265 1421 1422 1503 publicus
1453 1421 1546 1486 Unde

404 1520 437 1580 et
463 1515 583 1579 Fronto
605 1517 641 1580 in
670 1517 814 1580 oratione
843 1539 901 1601 pro
928 1517 1104 1602 Nugerinis
1133 1522 1194 1584 ait:
1231 1527 1367 1601 Denique
1394 1530 1546 1590 iusticiam

401 1623 488 1700 plebi
507 1617 676 1706 indicetur]

792 1769 876 1858 [XII.
921 1771 979 1836 Ex
1006 1771 1158 1839 Isidoro.

487 1891 579 1973 Orig.
608 1889 679 1953 XV.
704 1891 736 1954 2.
759 1891 811 1954 46.
863 1890 980 1955 Oaroer
1007 1895 1057 1954 est
1085 1915 1103 1955 a
1130 1916 1193 1977 quo
1221 1894 1429 1978 prohibemur
1462 1898 1548 1962 exire

403 1997 435 2054 et
458 1990 561 2055 (lictus
591 2014 699 2056 carcer
721 2015 740 2055 a
764 1992 980 2080 coercendo².]

714 2161 803 2225 XIII.
847 2162 904 2227 Ex
926 2161 1082 2228 Minuoio
1104 2163 1236 2229 Felioe.

691 2280 792 2361 (Edit.
817 2278 852 2342 F.
877 2280 1004 2347 Oehler.
1035 2281 1122 2364 Lips.
1149 2283 1257 2367 1847.)

486 2398 564 2482 Cap.
587 2399 648 2463 IX.
691 2399 735 2462 Et
763 2399 801 2462 de
831 2399 975 2462 convivio
997 2403 1111 2462 notum
1133 2404 1196 2483 est,
1225 2404 1346 2485 passim
1369 2426 1478 2467 omnes
1501 2406 1545 2468 lo-

401 2505 557 2586 quuntur3
579 2502 612 2565 id
635 2501 732 2564 etiam
755 2499 909 2565 Cirtensis
932 2502 1034 2564 nostri
1057 2504 1194 2564 testatur
1217 2504 1329 2568 oratio.
1361 2505 1412 2568 Ad
1436 2507 1546 2590 epulas

401 2603 534 2666 solemni
557 2603 608 2667 die
632 2606 757 2686 coeunt,
782 2625 854 2666 oum
870 2603 1017 2666 omnibus
1033 2602 1154 2686 liberis
1179 2605 1350 2689 sororibus,
1374 2608 1544 2691 matribus,

401 2728 493 2770 sexus
516 2706 620 2769 omnis
643 2705 788 2769 homines
811 2708 843 2768 et
866 2705 968 2768 omnis
985 2706 1111 2768 aetatis
1143 2706 1213 2770 Illic
1235 2711 1309 2790 post
1330 2709 1448 2772 multas
1471 2733 1545 2794 epu-

400 2808 458 2891 IaS,
482 2808 537 2872 ubi
561 2807 741 2871 convivium
765 2806 883 2870 coaluit
892 2808 914 2889 ³,
939 2809 971 2869 et
992 2807 1135 2870 incertae
1156 2807 1299 2871 libidinis
1315 2809 1543 2881 ebrietatibus⁴
1633 2800 1636 2813 ’

400 2911 506 2974 fervor
528 2910 662 2993 exarsit,
688 2909 794 2990 canu,
819 2909 872 2991 qui
897 2907 1089 2971 candelabro
1112 2930 1212 2971 nexus
1235 2912 1294 2992 est,
1319 2909 1407 2974 iactu
1428 2913 1544 2976 offulae

401 3012 485 3075 ultra
507 3013 648 3096 spatium
669 3011 785 3093 lineae,
809 3033 873 3094 qua
895 3010 1022 3074 vinetus
1046 3012 1105 3092 est,
1130 3009 1170 3072 ad
1193 3010 1349 3094 Impetum
1371 3016 1403 3075 et
1426 3014 1544 3078 saltum

401 3116 607 3196 provocatur:
630 3113 677 3175 sie
699 3134 808 3176 everso
832 3115 864 3175 et
886 3112 1046 3175 exstineto
1070 3112 1198 3199 eonsoio
1219 3112 1338 3176 lumine
1360 3113 1544 3196 inpudenti-

400 3216 459 3280 bus
481 3215 624 3279 tenebris
651 3236 753 3278 nexus
775 3214 929 3277 infandae
958 3212 1143 3296 cupiditatis
1171 3213 1340 3277 involvunt
1372 3238 1431 3298 per
1458 3216 1543 3280 inoe-

400 3322 485 3382 stum
506 3317 612 3399 sortis,
638 3316 711 3380 etsi
727 3337 793 3379 non
815 3337 924 3379 omnes
947 3336 1055 3398 opera,
1081 3314 1277 3378 conscientia
1292 3318 1401 3379 tamen
1423 3319 1544 3400 pariter

400 3421 530 3502 incesti,
561 3419 712 3502 quoniam
739 3420 813 3480 voto
840 3416 1063 3480 universorum
1091 3415 1253 3499 adpetitur
1281 3417 1433 3502 quidquid
1462 3421 1543 3484 acei-

400 3523 474 3586 dere
496 3523 602 3606 potest
624 3520 659 3582 in
682 3522 755 3583 aotu
781 3517 990 3602 singulorum.

401 3699 505 3706 ..ς-β
520 3700 545 3702 —
563 3698 601 3702 2-—

487 3801 499 3845 1
518 3791 648 3846 Lersohio
668 3793 697 3843 et
714 3790 826 3858 Meyero
846 3790 922 3843 Orat.
941 3789 1021 3843 Rom.
1041 3789 1190 3857 fragment.
1211 3790 1253 3843 ed.
1267 3791 1300 3844 ll.
1320 3809 1347 3859 p.
1361 3796 1411 3844 617
1424 3791 1513 3846 oratio
1526 3812 1544 3846 a

400 3878 549 3947 Fulgentio
568 3878 633 3930 ficta
651 3875 769 3929 videtur.
805 3874 898 3943 Ipsum
917 3873 1065 3928 Frontonis
1087 3874 1178 3926 loounr
1196 3876 1338 3929 mutuatus
1356 3878 1398 3929 est
1416 3878 1452 3930 ab
1470 3879 1543 3947 Apu-

398 3963 453 4018 leio
471 3962 584 4016 Metam.
604 3961 650 4013 IV.
670 3968 710 4014 33.
776 4012 779 4025 .

485 4039 500 4083 2
519 4036 564 4084 sic
581 4034 737 4083 Lacbrnunn.
755 4048 782 4095 p.
803 4034 861 4079 472.
903 4033 976 4094 Volp.
995 4032 1074 4080 (crida
1092 4026 1162 4079 Hine
1181 4027 1297 4081 Fronto:
1318 4029 1347 4080 ut
1364 4032 1542 4096 pergraecari

399 4116 492 4186 potius
510 4113 634 4169 amoenis
651 4111 720 4165 loeis
738 4128 822 4179 quam
841 4111 961 4165 oooroeri
980 4127 1090 4166 earcere
1115 4111 1262 4165 videretur.
1298 4117 1351 4164 Sed
1367 4133 1414 4166 om.
1433 4119 1458 4165 in
1478 4119 1540 4168 Cod.
1560 4102 1568 4114 ’

401 4206 483 4267 Guelf.
503 4208 526 4252 1.
546 4208 569 4256 2.
591 4207 607 4252 3
626 4210 651 4252 et
672 4201 720 4250 Ed.
737 4217 781 4264 pr.

484 4293 499 4339 3
519 4289 569 4338 Ms.
589 4305 633 4352 up.
657 4287 774 4336 Wower:
792 4281 913 4336 incaluit.
992 4292 994 4296 '

485 4367 683 4433 lEbrietatis,
706 4366 842 4420 ebrietate
876 4371 936 4422 Uod.
957 4365 1072 4438 ebriatis
1091 4370 1227 4419 Mem-slas.
1260 4364 1403 4418 ebriolatis
1422 4370 1539 4420 Hildebr.

399 4457 426 4509 in
446 4472 542 4510 caecas
559 4452 689 4506 libidines
707 4450 851 4505 ebrietatis
871 4456 1020 4505 Gronovius.

939 4649 941 4651 >
974 4642 1071 4650 ἡ,..-.-
