4142 5659
850 653 1130 708 PROLEGOMENA.
1451 678 1567 724 xxxul

418 848 506 890 anno
532 825 629 907 1829,
656 824 790 887 aliaest
819 823 916 904 rati03
945 824 1122 888 rectissime
1150 826 1231 889 vidit
1258 848 1415 909 magnum
1442 850 1510 891 esse
1532 830 1568 892 in

418 927 499 990 Maii
515 926 656 990 editione
671 925 862 1013 lacunarimr
883 946 1064 1008 numerum,
1089 927 1145 990 sed
1167 926 1246 989 adeo
1268 927 1382 990 infelix
1406 929 1568 995 coniector

418 1031 479 1110 est,
504 1030 540 1091 ut
551 1049 603 1122 'ne
626 1048 725 1089 unam
741 1025 868 1109 quidem
889 1025 967 1088 satis
990 1027 1189 1109 probabilem
1205 1013 1461 1092 emendationem
1483 1030 1566 1113 apud

417 1151 491 1192 eum
514 1128 698 1211 repererim.
745 1126 908 1189 Arnoldus
932 1125 1123 1190 Schaeferus
1145 1128 1181 1191 in
1202 1133 1457 1212 programmate,
1483 1132 1568 1213 quod

417 1229 561 1293 Dresdae
576 1229 697 1312 prodiit
712 1249 798 1291 anno
815 1227 908 1310 1845,
933 1227 1067 1291 Catonis
1088 1229 1196 1293 nobile
1217 1230 1438 1314 fragmentum
1461 1253 1567 1295 emen-

416 1330 521 1413 davit,
551 1330 607 1393 sed
636 1353 678 1393 arr
708 1329 817 1392 eadem
846 1350 945 1412 opera
967 1329 1065 1392 etiam
1088 1329 1167 1392 alios
1189 1330 1362 1394 Frontonis
1383 1332 1470 1396 locos
1493 1333 1567 1395 atti-

416 1432 514 1514 gerit,
537 1453 604 1494 non
628 1430 777 1514 comperi.
815 1428 951 1494 Henrici
967 1429 1064 1493 Alani
1090 1432 1290 1494 coniecturas
1313 1436 1346 1495 et
1368 1433 1567 1497 animadver-
1653 1470 1655 1473 -

417 1532 525 1595 siones
548 1532 677 1595 criticas
701 1532 827 1615 accepi,
861 1553 959 1615 quum
981 1529 1155 1595 Frontonis
1183 1535 1291 1596 textus
1318 1534 1383 1596 iam
1405 1534 1491 1618 typis
1514 1535 1566 1598 de-

417 1633 558 1715 scriptus
574 1636 672 1695 esset:
696 1633 755 1696 has
777 1633 879 1715 igitur
893 1632 928 1695 in
944 1624 1110 1695 Addendis
1132 1655 1205 1697 cum
1227 1634 1320 1698 docto
1342 1635 1461 1699 lectore
1484 1657 1566 1699 com-

376 1729 378 1731 ’
416 1733 601 1797 municabo
622 1721 667 1797 xSi
682 1735 737 1817 qui
759 1736 927 1816 praeterea
942 1733 1021 1796 mihi
1044 1733 1265 1817 innotuerunt,
1290 1738 1344 1819 qui
1367 1737 1406 1799 de
1428 1736 1566 1820 singulis

416 1833 591 1898 Frentonis
614 1834 693 1898 locis
709 1835 926 1917 disputarunt,
950 1834 1064 1897 horum
1080 1835 1319 1900 emendationes
1342 1859 1398 1900 suo
1420 1837 1490 1901 loco
1513 1838 1566 1900 ad-

415 1937 541 2019 scripsi.
570 1935 632 2010 Qui
648 1943 686 2000 de
696 1941 914 2001 Frontonianae
928 1942 1066 2015 reliqniis
1081 1937 1149 2020 egit
1166 1936 1320 2000 Ambiani
1338 1938 1419 2002 1853
1435 1938 1476 2003 A.
1492 1937 1567 2001 Phi-

417 2036 635 2120 libert-Soupe‘
651 2040 801 2100 accurate
818 2037 949 2121 collegit
969 2059 1050 2120 quae
1065 2037 1183 2121 ubique
1205 2039 1350 2102 invenire
1372 2039 1487 2121 potuit,
1512 2040 1567 2102 sed

416 2138 500 2201 nihil
515 2138 591 2201 novi
606 2137 674 2221 ipse
691 2138 810 2202 attulit.
841 2138 984 2222 Egregia
999 2160 1074 2202 vero
1090 2141 1139 2201 est
1154 2139 1327 2222 disputatio
1343 2139 1513 2214 Niebuhrii
1530 2141 1566 2203 in

416 2239 554 2321 Scriptis
569 2238 749 2303 Minoribus
766 2238 809 2322 Il,
826 2240 879 2322 52,
903 2239 958 2323 qui
980 2243 1108 2322 praeter
1131 2239 1204 2321 alia,
1229 2263 1309 2323 quae
1324 2263 1391 2304 non
1406 2241 1564 2324 excitabo,

417 2341 518 2403 refert
540 2341 579 2402 de
600 2340 791 2409 Latinarum
813 2341 996 2404 litterarum
1019 2341 1123 2404 studio
1147 2344 1290 2424 tempore
1312 2342 1564 2406 Antoninorum.

416 2442 597 2505 Praeeunte
618 2441 786 2505 Hadriano
808 2443 895 2525 ipso,
921 2443 960 2505 ad
983 2463 1078 2524 quem
1101 2464 1134 2505 se
1157 2446 1244 2505 totus
1268 2444 1446 2525 composuit
1468 2444 1565 2526 orbis,

416 2544 556 2606 Romani
572 2543 612 2605 ad
628 2544 767 2607 Graecos
783 2545 955 2626 scriptores
978 2542 1122 2606 animum
1137 2543 1369 2626 applicuerunt,
1392 2548 1424 2607 et
1438 2548 1566 2627 praeter

416 2644 614 2708 Frontonem
642 2646 708 2708 tres
737 2647 866 2708 tantum
898 2645 1070 2727 scriptores
1099 2644 1254 2707 habemus
1284 2645 1339 2727 qui
1361 2644 1416 2707 illo
1439 2646 1566 2709 saeculo

415 2746 553 2835 Latinae
575 2745 759 2827 scriptionis
780 2745 907 2809 laudem
929 2746 1029 2808 tutati
1051 2748 1138 2828 sunt,
1163 2745 1346 2828 Apuleium,
1371 2745 1511 2809 Gellium
1534 2751 1566 2810 et
1669 2824 1677 2837 ¹

416 2847 601 2910 Minucium.
620 2845 769 2909 Felicem.
814 2845 944 2913 Horum
962 2847 1119 2929 Apuleius
1147 2846 1304 2910 Frontoni
1332 2847 1400 2909 fere
1423 2848 1565 2930 aequalis

415 2949 495 3030 fuit,
531 2947 631 3011 ceteri
659 2948 721 3010 duo
749 2947 845 3029 paulo
874 2948 1015 3011 iuniores
1045 2949 1141 3010 sunt:
1179 2969 1289 3010 omnes
1311 2951 1431 3030 tamen,
1456 2971 1565 3031 quam·
1652 2964 1659 2969 ’

415 3071 513 3132 quam
539 3049 626 3111 inter
650 3070 683 3110 se
706 3048 929 3141 diversissimi,
963 3048 1160 3111 Frontonem
1186 3048 1320 3131 ingenio
1349 3051 1381 3111 et
1403 3049 1565 3133 elegantia

415 3151 580 3232 superant.
626 3147 757 3213 Scilicet
778 3149 814 3213 in
836 3150 970 3232 imperio
991 3149 1139 3211 Romano
1161 3148 1272 3210 Musae
1296 3147 1437 3213 Graecae
1461 3153 1493 3213 et
1513 3173 1565 3213 ve-

314 3290 323 3296 ·
416 3255 500 3314 teres
521 3249 681 3315 Camenae
703 3251 742 3313 de
764 3251 948 3334 principatu
970 3250 1056 3313 inter
1079 3271 1112 3312 se
1129 3252 1303 3331 certarunt,
1327 3249 1373 3329 ita
1396 3253 1442 3332 ut,
1466 3273 1565 3333 quum

417 3351 544 3415 illarum
560 3351 666 3414 studia
680 3351 843 3434 florerent,
867 3352 928 3415 hae
943 3351 1087 3440 iacerent
1103 3354 1135 3413 et
1151 3353 1442 3414 contemnerentur.
1474 3350 1564 3415 Post-

415 3476 513 3537 quam
541 3452 654 3536 magni
684 3453 856 3535 scriptores
884 3474 984 3536 usque
1013 3452 1053 3514 ad
1076 3450 1311 3534 Vespasianum
1338 3473 1462 3514 summa
1493 3475 1565 3515 cum

416 3555 629 3618 admiratione
651 3553 787 3636 Latinas
815 3553 941 3616 litteras
970 3553 1194 3635 excoluerunt,
1229 3552 1409 3636 imperante
1439 3554 1565 3616 demum

417 3655 597 3719 Theodosio
619 3655 741 3739 Magno
767 3677 803 3718 eo
826 3655 964 3718 reditum
992 3657 1050 3717 est.
1089 3654 1286 3717 Niebuhrius
1309 3654 1490 3718 doctissime
1513 3678 1565 3718 ex-

415 3757 533 3841 plicat,
558 3755 714 3840 quomodo
736 3756 859 3819 factum
883 3757 941 3836 sit,
971 3758 1007 3823 ut
1033 3777 1092 3838 per
1119 3755 1198 3818 illud
1219 3755 1426 3818 intervallum
1449 3756 1565 3820 Graeci

414 3859 587 3941 scriptores
615 3859 719 3942 magis
748 3857 916 3941 placerent
945 3858 976 3918 et
999 3859 1122 3918 veteres
1146 3877 1218 3918 suos
1241 3855 1353 3919 heroes
1375 3855 1461 3919 haud
1482 3858 1565 3921 infe-

409 3959 520 4022 liciter
542 3959 757 4022 imitarentur.
788 3958 866 4023 »Sed
888 3979 1003 4040 operae
1032 3957 1173 4038 pretium
1196 3960 1244 4019 est
1266 3956 1437 4020 Niebuhrii
1459 3958 1565 4041 dispu-

413 4061 583 4123 tationem·
599 4063 702 4123 totam
730 4045 905 4144 perlegere.
951 4057 1042 4132 Quod
1065 4057 1215 4121 Hertzius
1243 4059 1280 4121 de
1302 4058 1466 4122 Frontone
1489 4060 1564 4122 scri-

413 4162 480 4244 psit
501 4162 537 4224 in
558 4161 641 4224 libro
664 4162 702 4223 de
724 4161 842 4224 litteris
865 4161 949 4244 apud
971 4159 1134 4222 Romanos
1164 4159 1286 4222 renatis
1316 4159 1371 4222 sed
1395 4160 1562 4242 corruptis,

414 4267 622 4326 Bennissuncc
645 4269 709 4326 und
722 4268 843 4326 Rococo
866 4269 896 4325 r'n
919 4266 976 4324 der
997 4265 1179 4324 Remiscben
1194 4267 1372 4336 lineretur,
1397 4281 1463 4322 non
1485 4262 1562 4344 vidi,

412 4364 470 4427 sed
492 4365 612 4446 peritos
635 4363 755 4426 iudices
781 4363 930 4446 probasse
954 4362 1059 4424 audio
1092 4362 1132 4425 ln
1154 4361 1413 4444 Encyclopaedia
1435 4359 1563 4425 Erschii

413 4467 447 4526 et
470 4463 609 4527 Gruberi
632 4465 670 4529 de
693 4464 856 4526 Frontone
884 4462 996 4526 retulit
1024 4462 1244 4543 EclrsteiniuS,
1270 4461 1324 4544 qui
1346 4461 1488 4524 virorum
1511 4464 1563 4526 do-

415 4568 539 4627 ctorum
567 4566 802 4649 disputationes
830 4564 1049 4647 Bernhardyi,
1080 4562 1228 4644 Bachrii,
1258 4561 1500 4627 Westermanni
1528 4565 1563 4627 in

413 4665 505 4728 libris
534 4666 572 4729 de
600 4667 790 4730 Latinarum
819 4667 1001 4729 litterarum
1029 4664 1164 4728 historia
1193 4668 1342 4728 accurate
1374 4664 1503 4749 collegit
1532 4670 1564 4729 et

450 4801 552 4835 ruonr.
564 4802 600 4835 rr
612 4803 714 4839 11111111.
727 4803 816 4837 urrsr.
1343 4788 1359 4828 0
