4142 5659
534 672 573 734 18
743 670 779 722 M.
801 669 968 722 CORNELII
987 668 1194 723 FRONTCNIS
1212 669 1469 724 EPISTULARUM

531 846 583 906 tus
606 843 676 924 sim,
700 839 795 904 facile
818 841 1066 922 aestimaveris¹‚
1091 842 1117 904 si
1133 842 1331 924 reputaveris
1347 841 1486 925 singula.
1535 841 1680 906 Primum

532 944 635 1028 quod²
664 946 761 1025 caput
789 946 837 1005 est
864 944 967 1006 omnis
995 943 1103 1027 11111ξ3
1131 943 1240 1026 gaudii
1269 944 1372 1027 qnod⁴
1401 948 1433 1007 te
1461 943 1543 1006 bene
1572 943 1679 1008 valere

533 1045 683 1130 cognovi3
720 1047 789 1106 tum
811 1044 895 1128 quod
922 1045 969 1108 ita
992 1048 1155 1108 amantem
1177 1045 1239 1108 mei
1259 1027 1364 1127 sensi,
1394 1045 1491 1108 finem
1513 1049 1550 1108 ut
1571 1047 1679 1131 ¹amori

531 1147 656 1211 nullum
677 1167 780 1229 neque
800 1145 932 1209 modum
954 1149 1094 1227 statuae,
1125 1147 1203 1229 quin
1233 1146 1364 1209 cottidie
1394 1145 1514 1230 aliquid
1536 1148 1679 1230 reperias

531 1249 615 1332 quod
638 1248 723 1312 circa
743 1269 794 1311 me
816 1247 985 1311 iucundius
1015 1251 1110 1331 atque
1137 1248 1270 1311 amicius
1299 1248 1411 1312 facias.
1446 1247 1518 1332 Ego
1541 1250 1679 1333 denique

531 1351 608 1414 olim
635 1351 700 1413 iam
727 1371 778 1412 me
806 1353 884 1435 puto
913 1350 991 1412 satis
1020 1349 1136 1432 amari,
1174 1349 1236 1413 tibi
1268 1353 1376 1415 autem
1403 1350 1547 1424 nondum
1581 1351 1679 1414 etiam
1732 1412 1734 1415 .

531 1456 688 1536 quantum
709 1473 760 1514 me
783 1451 899 1535 diligas
922 1451 1001 1515 satis
1024 1455 1088 1533 est3
1121 1454 1159 1514 ut
1184 1472 1251 1514 non
1278 1474 1365 1515 mare
1393 1451 1513 1515 ullum⁵
1540 1455 1608 1514 tam
1637 1453 1679 1515 sit

531 1555 741 1638 profundum,
780 1574 875 1635 quam
902 1556 976 1616 tuus
1006 1554 1177 1616 adversus⁶
1209 1574 1260 1615 me
1288 1575 1392 1617 amor:
1429 1575 1506 1616 sane
1534 1557 1571 1616 ut
1599 1553 1679 1616 illud
1719 1598 1721 1601 -

531 1657 621 1740 queri
644 1656 779 1738 possim,
805 1676 860 1717 eur
882 1677 932 1717 me
955 1656 1099 1717 nondum
1122 1677 1208 1718 ames
1230 1657 1375 1737 tantum,
1400 1658 1558 1738 quantum
1580 1655 1678 1738 pluri-

530 1781 618 1822 mum
640 1759 760 1840 potest:
790 1777 928 1839 namque
950 1756 985 1818 in
1008 1757 1076 1819 dies
1098 1755 1170 1838 plus
1199 1756 1336 1819 amando
1364 1756 1484 1838 cilicie,
1519 1778 1561 1819 ne
1593 1757 1678 1840 quod

532 1864 608 1924 ante
630 1858 732 1922 diem⁷
757 1857 911 1920 amaveris
918 1907 927 1939 ,
951 1857 1125 1940 plurimum
1145 1857 1253 1921 fuerit.
1294 1854 1313 1944 1

616 1959 824 2025 Consulatum
846 1957 925 2021 inihi
947 1962 1042 2042 putas
1064 1962 1157 2023 tanto
1180 1960 1297 2043 gaudio
1325 1960 1440 2041 fuisse,
1473 1963 1593 2042 quanto
1621 1964 1678 2024 tua

530 2067 580 2126 tot
600 2056 636 2126 in
658 2082 723 2124 una
746 2082 779 2122 re
802 2061 918 2123 summi
941 2061 1058 2124 amoris
1079 2061 1223 2124 indicia?
1268 2061 1432 2124 Orationis
1460 2083 1551 2124 meae
1578 2063 1677 2144 parti-

532 2166 634 2245 sulas,
659 2183 739 2247 quas
763 2183 997 2244 excerpseram,
1023 2162 1166 2226 recitasti
1188 2163 1352 2245 patrituo
1374 2163 1443 2245 ipse
1474 2164 1677 2247 studiumque
1725 2230 1729 2241 ⁸

531 2268 570 2329 ad
592 2264 866 2349 pronuntiandum
889 2263 1078 2326 adhibuisti:
1107 2286 1170 2348 epra
1196 2264 1232 2327 in
1261 2286 1295 2327 re
1318 2267 1350 2327 11
1372 2257 1479 2327 oculos
1501 2264 1581 2327 mihi
1603 2268 1698 2361 tuos·
1706 2243 1738 2354 11

529 2368 666 2430 utendos
696 2369 728 2428 et
755 2386 862 2428 vocem
894 2368 926 2427 11
953 2359 1081 2448 gestum
1116 2368 1149 2427 11
1175 2366 1210 2428 in
1239 2366 1352 2448 primis
1381 2367 1524 2428 animum
1553 2366 1695 2430 accom?v

529 2469 676 2553 modesti.
730 2465 799 2529 Neo
822 2467 913 2529 video
941 2466 1015 2549 qui8
1043 2469 1187 2530 veterum
1215 2467 1407 2550 scriptorum
1434 2467 1602 2550 qnisquam
1625 2490 1676 2531 me

529 2570 654 2633 beatior
675 2567 789 2649 fuerit,
819 2589 954 2650 quorum
977 2568 1097 2651 scripta
1120 2570 1266 2651 Aesopus
1296 2569 1336 2631 ad
1357 2568 1512 2652 populum
1534 2590 1680 2652 pronun<

529 2672 623 2734 tiavit
646 2672 701 2732 aut
723 2668 869 2732 Roscius.
895 2668 1006 2731 Meae
1027 2691 1103 2732 vero
1126 2671 1264 2734 orationi
1286 2671 1331 2732 M.
1349 2668 1467 2733 Caesar
1490 2673 1578 2732 actor
1602 2692 1679 2755 com
1698 2666 1712 2742 1

528 2773 605 2856 tigit
628 2775 660 2834 et
682 2770 923 2853 pronuntiator:
956 2775 1075 2854 tuaque
1098 2793 1157 2855 ego
1180 2794 1276 2854 opera
1300 2771 1349 2834 et9
1372 2792 1449 2834 voce
1472 2772 1676 2835 audientibus

529 2872 651 2957 placui3
690 2893 762 2934 cum
785 2871 887 2934 audiri
915 2875 987 2934 ate
1011 2895 1048 2935 ac
1070 2872 1130 2935 tibi
1157 2873 1283 2956 placere
1313 2873 1350 2956 {¹⁰
1374 2873 1522 2936 omnibus
1553 2895 1676 2937 summe

486 2981 504 3056 'l
523 2976 571 3038 'sit
593 2972 744 3076 obtabile.
771 2971 846 3035 Non
868 2972 966 3035 miror
987 2973 1106 3055 itaque,
1130 2974 1214 3057 quod
1235 2974 1394 3057 placuerit
1415 2975 1517 3037 oratio
1540 2975 1604 3038 oris
1627 2977 1676 3038 tui

529 3076 689 3159 dignitate
712 3077 875 3138 exornata.
910 3073 995 3138 Nam
1017 3074 1169 3158 pleraque
1190 3077 1319 3159 propria
1339 3079 1508 3139 venustate
1531 3078 1676 3139 carentia

529 3179 668 3263 gratiam
690 3176 818 3239 sibimet
834 3175 971 3239 alienam
987 3175 1184 3240 extrinsecus
1200 3179 1399 3240 mutuantur.
1427 3176 1518 3251 Quod
1534 3179 1642 3241 evenit
1652 3179 1672 3218 ¹¹

529 3280 626 3343 etiam
647 3279 682 3341 in
704 3277 859 3361 plebeis¹²
880 3276 951 3340 istis
974 3277 1169 3341 edulibusffl:
1203 3278 1328 3341 nullum
1351 3279 1428 3341 adeo
1447 3278 1509 3341 vile
1532 3282 1589 3341 aut
1612 3280 1676 3342 vol-

527 3386 640 3466 gatum
662 3382 711 3443 est
738 3379 830 3442 holus
853 3381 909 3441 aut
930 3379 1189 3462 pulpamentum,
1227 3379 1306 3463 quin
1329 3380 1544 3464 1111111111Η
1568 3382 1673 3464 videa-

527 3488 581 3547 tur
602 3482 686 3546 vasis
709 3479 812 3543 aureis
835 3480 1026 3563 adpositum.
1544 3502 1545 3505 ’

614 3641 627 3686 1
646 3632 679 3684 In
697 3629 798 3684 Codice
816 3630 903 3684 vam
921 3649 1004 3700 supra
1021 3632 1069 3686 lin.

612 3724 627 3770 2
645 3716 723 3769 Duae
741 3733 783 3783 pr.
802 3714 855 3769 litt.
877 3733 1012 3771 evanuere
1031 3719 1061 3770 et
1079 3716 1172 3770 omisit
1189 3716 1286 3771 Maius.

613 3808 628 3855 3
646 3799 747 3873 Incipit
765 3798 831 3853 Cod.
850 3801 979 3854 Ambros.
998 3820 1025 3869 p.
1041 3808 1081 3854 57.

611 3892 628 3939 4
646 3884 751 3938 Codex:
771 3905 831 3938 eum.
868 3884 995 3939 Correxit
1011 3885 1195 3940 Heindorfius,

612 3976 627 4023 5
646 3968 691 4022 Sic
710 3968 785 4035 Cod,
804 3971 834 4023 at
850 3969 940 4023 Maius
957 3977 1046 4038 ipsum.

611 4060 627 4107 6
646 4052 749 4107 Codex:
770 4065 835 4108 111111
853 4061 985 4109 adversum
1003 4054 1032 4107 11
1050 4058 1120 4109 corr'.
1139 4066 1196 4108 turis
1215 4063 1344 4112 aduersus.

612 4146 626 4192 7
646 4137 690 4191 Sic
708 4156 750 4207 pr.
769 4155 819 4203 m.;
839 4155 891 4192 sec.
912 4145 975 4194 dics.

611 4229 626 4276 8
645 4223 750 4277 Codex:
770 4228 833 4291 qais.
870 4222 996 4276 Correxit
1014 4224 1198 4278 Hcindorfins.

610 4315 626 4361 9
644 4307 733 4362 Maius
751 4324 901 4377 perperam
918 4328 957 4363 ac.

595 4399 626 4446 10
644 4391 745 4460 Incipit
764 4391 829 4445 Cod.
849 4393 976 4446 Ambros.
997 4412 1024 4461 p.
1039 4400 1079 4445 61.

595 4485 625 4530 11
645 4476 711 4530 Cod.
731 4494 772 4555 pr.
793 4495 828 4530 m.
848 4485 923 4532 verrit.

594 4569 625 4616 12
644 4561 709 4615 Cod.
729 4580 771 4630 pr.
789 4580 825 4616 m.
844 4567 934 4630 plebis.

593 4654 624 4701 13
643 4647 674 4698 ln
692 4645 758 4700 Cod.
777 4648 835 4700 fere
854 4648 972 4700 evanuit.

594 4736 626 4784 14
644 4730 725 4784 Cod.:
745 4738 787 4800 qui
804 4738 982 4800 nepleyenlius.
