4142 5659
500 694 543 762 50
715 692 751 749 M.
766 689 934 749 donnana
952 691 1160 748 FRONTONIS
1177 691 1435 748 EPISTULARUM

872 933 983 1001 XIII.
1014 934 1164 1001 Domino
1186 934 1274 1000 Meo.

587 1068 677 1147 Quod
704 1071 806 1156 poetis
834 1092 1018 1135 concessum
1047 1075 1096 1135 est
1124 1072 1390 1151 ὀνοματοποιεῑν,
1418 1072 1536 1135 verba¹
1563 1095 1648 1136 nova

502 1175 636 1259 fingere,
660 1196 722 1258 quo
743 1173 870 1237 facilius
892 1174 976 1257 quod
998 1173 1144 1237 sentiunt
1166 1173 1359 1256 exprimant,
1383 1174 1415 1236 id
1435 1173 1515 1237 mihi
1538 1196 1649 1238 neces-

503 1278 622 1342 sarium
644 1279 693 1340 est
715 1276 755 1339 ad
777 1275 930 1358 gaudium
951 1297 1059 1339 meum
1082 1275 1340 1359 expromendum.
1378 1275 1464 1339 Nam
1490 1276 1593 1339 solitis
1616 1279 1650 1339 et

503 1380 630 1443 usitatis
659 1379 763 1443 verbis
790 1400 857 1441 non
885 1400 956 1440 sum
985 1380 1170 1441 contentus:
1207 1377 1254 1441 ita
1287 1375 1476 1464 a[man]tius
1511 1379 1647 1462 gaudeo,

503 1504 598 1566 quam
620 1483 657 1544 ut
678 1501 824 1544 sermone
845 1481 974 1564 volgato
998 1479 1181 1563 significare
1196 1478 1353 1542 laetitiam
1376 1480 1476 1542 animi
1498 1481 1562 1543 mei
1577 1502 1644 1563 pos·

503 1585 579 1667 sim,
608 1584 658 1646 tot
679 1581 759 1645 mihi
787 1604 805 1644 a
828 1583 860 1645 te
882 1581 917 1645 in
939 1586 1006 1645 tam
1028 1579 1153 1667 pau[cis
1176 1581 1297 1668 diebus]
1322 1581 1475 1664 epistulas
1498 1581 1646 1665 scriptas,

504 1707 618 1769 easque
641 1687 710 1746 tam
738 1683 919 1767 eleganter,
950 1685 1017 1745 tam
1046 1682 1163 1765 amice,
1189 1686 1256 1745 tam
1284 1683 1412 1765 blande,
1445 1685 1513 1746 tam
1536 1684 1646 1766 effuse,

503 1790 571 1850 tam
592 1785 774 1870 fraglanter
797 1784 995 1868 conpositas,
1024 1806 1097 1847 cum
1119 1783 1201 1847 clam
1223 1787 1273 1848 tot
1293 1785 1443 1869 negotiis,
1473 1788 1551 1868 quot
1578 1785 1648 1848 offi-

505 1889 572 1971 ciis,
590 1887 687 1971 qu0t²
708 1887 921 1950 rescribendis
941 1907 999 1969 per
1018 1885 1200 1969 provincias
1220 1885 1337 1949 litteris
1358 1887 1593 1971 destringerere
1608 1887 1646 1972 ³{.

504 1992 551 2054 At
573 1990 658 2053 enim
679 2010 921 2073 proposueram3
955 1986 1038 2050 nihil
1072 1987 1158 2051 enim
1184 1987 1264 2051 mihi
1292 2011 1311 2050 a
1338 1991 1371 2050 te
1398 1988 1559 2051 occultum
1592 1991 1648 2051 aut

504 2091 739 2156 dissimulatum
760 2091 899 2153 retinere
921 2089 971 2152 fas
995 2092 1058 2171 est3
1087 2090 1149 2171 ita,
1179 2089 1322 2172 inquam,
1346 2111 1575 2173 proposueram
1596 2090 1647 2154 vel

505 2194 643 2257 desidiae
667 2191 794 2275 culpam
817 2215 836 2254 a
858 2194 890 2254 te
906 2191 1013 2254 subire
1028 2191 1132 2254 rarius
1147 2190 1316 2254 scribendo
1331 2191 1401 2272 tibi,
1425 2191 1531 2274 potius
1552 2214 1648 2276 quam

503 2298 536 2359 te
562 2295 671 2360 multis
700 2294 795 2357 rebus
824 2296 1015 2376 occupatum
1045 2291 1190 2375 epistulis
1223 2292 1302 2356 meis
1337 2314 1503 2356 onerarem
1538 2297 1571 2356 et
1608 2294 1647 2356 ad

504 2396 742 2460 rescribendum
776 2416 997 2478 provocarem3
1034 2415 1130 2477 quom
1161 2397 1197 2456 tu
1227 2394 1344 2457 cotidie
1377 2394 1463 2458 ultro
1491 2395 1649 2479 scripsisti
1740 2475 1742 2478 .

503 2498 593 2561 mihi.
638 2496 700 2561 Sed
722 2496 816 2581 quid⁴
839 2496 909 2559 dico
933 2495 1073 2559 cotidie?
1105 2516 1181 2578 ergo
1206 2495 1272 2558 iam
1299 2495 1353 2558 hic
1379 2496 1459 2560 mihi
1487 2497 1648 2576 ὀνοματο-

503 2601 611 2664 nodo(
633 2620 713 2681 opus
736 2600 794 2661 est.
838 2597 925 2661 Nam
948 2598 1063 2661 cotidie
1085 2597 1179 2679 foret,
1204 2598 1229 2660 si
1253 2598 1398 2681 singulas
1422 2598 1575 2681 epistulas
1590 2621 1649 2683 per

504 2702 571 2764 dies
603 2700 747 2783 singulos
775 2699 971 2783 scripsisses3
1010 2721 1106 2783 quom
1138 2720 1214 2764 vero
1247 2699 1353 2782 pluras
1390 2700 1545 2783 epistulae
1582 2702 1649 2765 sint

504 2825 599 2886 quam
633 2801 699 2864 dies
717 2802 753 2886 ll,
787 2801 919 2864 verbum
950 2801 1037 2864 istud
1067 2801 1196 2864 cottidie
1223 2800 1330 2863 minus
1359 2801 1532 2885 significat.
1578 2802 1649 2867 Nee

504 2906 563 2986 est,
587 2903 734 2984 Domine,
764 2903 848 2985 quod
869 2902 949 2965 mihi
971 2903 1095 2965 tristior
1117 2902 1171 2983 sis,
1202 2924 1258 2989 cur
1280 2903 1410 2965 omnino
1438 2904 1559 2968 veritus
1587 2905 1649 2968 sim

503 3028 544 3068 ne
566 3005 625 3069 tibi
648 3004 775 3067 litterae
798 3025 887 3067 meae
912 3004 1086 3068 crebriores
1109 3004 1235 3067 oneris⁶
1257 3006 1378 3067 essent:
1401 3026 1478 3067 nam
1500 3028 1563 3089 quo
1584 3008 1648 3070 mei

505 3108 663 3171 amantior
686 3128 730 3189 00,
754 3108 846 3169 tanto
868 3129 919 3170 me
941 3106 1087 3169 laborum
1109 3108 1237 3168 tuorum
1259 3105 1437 3188 parciorem
1460 3109 1493 3169 et
1514 3129 1648 3192 occupa-

502 3208 627 3273 tionum
654 3211 782 3271 tuarum
814 3207 1057 3271 modestiorem⁷
1095 3227 1164 3269 esse
1197 3209 1333 3290 oportet.
1379 3205 1462 3281 Quid
1492 3213 1541 3272 est
1568 3210 1648 3273 mihi

503 3310 611 3374 osculo
633 3312 689 3374 tuo
712 3309 865 3374 suavius?
887 3309 941 3372 ille
963 3308 1044 3372 mihi
1066 3308 1172 3371 suavis
1194 3309 1281 3390 odor,
1312 3308 1367 3371 ille
1389 3308 1513 3373 fruetus
1534 3312 1570 3374 in
1592 3314 1648 3375 tuo

505 3411 585 3475 collo
608 3414 704 3494 atque
726 3410 833 3474 osculo
856 3412 936 3475 situs
959 3413 1017 3474 est.
1062 3410 1225 3472 Adtamen
1247 3410 1392 3492 proxime
1421 3432 1493 3473 cum
1521 3413 1648 3495 profici-

503 3534 636 3595 scerere,
662 3535 734 3576 cum
748 3512 814 3574 iam
828 3514 921 3595 pater
942 3514 1015 3575 tuus
1038 3511 1219 3576 vehiculum
1238 3511 1485 3595 conscendisset,
1510 3514 1542 3575 te
1565 3515 1648 3577 salu-

502 3614 642 3677 tantium
678 3616 711 3676 et
743 3613 996 3677 exosculantium
1028 3614 1124 3676 turba
1162 3612 1281 3676 diutius
1311 3616 1509 3697 moraretur,
1548 3638 1648 3699 prope

502 3714 595 3797 fuit⁸,
619 3713 675 3778 019
698 3716 730 3777 te
753 3714 838 3778 solus
861 3737 900 3777 ex
921 3714 1069 3778 omnibus
1091 3735 1158 3777 non
1185 3714 1403 3798 conplecterer
1430 3737 1491 3779 nec
1519 3738 1648 3781 exoseu·
1687 3706 1688 3709 ¹

502 3815 595 3880 larer.
640 3815 724 3878 Item
745 3816 779 3880 in
812 3815 926 3880 ceteris
954 3815 1025 3879 aliis
1052 3816 1146 3879 rebus
1174 3816 1323 3883 omnibus
1356 3839 1532 3900 numquam
1562 3821 1648 3902 equi·

589 4077 603 4124 1
623 4069 688 4126 Cod.
708 4070 752 4124 bis
769 4074 854 4126 verba.

494 4172 499 4175 ’
587 4162 602 4209 2
621 4153 687 4209 cod.
707 4154 750 4209 bis
768 4161 844 4225 quod.
885 4154 974 4209 Maius
992 4156 1112 4224 utroque
1129 4153 1191 4210 loco
1209 4156 1328 4210 mavult:
1348 4168 1394 4212 tot.

505 4239 506 4244 ’
586 4247 602 4294 3
621 4236 687 4294 cod.
705 4258 747 4310 pr.
767 4257 802 4294 m.
823 4244 991 4308 destringere.

586 4330 603 4377 4
621 4324 726 4379 Codex:
745 4331 820 4395 quod,
839 4325 938 4378 saltem
955 4342 996 4392 pr.
1016 4340 1052 4378 m.
1188 4371 1190 4374 ,

586 4408 652 4463 5111
670 4411 795 4464 extrema
812 4409 918 4478 pagina
935 4407 966 4483 Q.
985 4408 1046 4463 VII.
1082 4409 1183 4478 Incipit
1201 4408 1267 4464 Cod.
1286 4408 1350 4465 Vat.
1370 4429 1397 4480 p.
1412 4416 1470 4465 212.

586 4493 663 4547 olta
681 4493 781 4548 Codex.

585 4583 600 4631 7
619 4576 723 4632 Codex:
743 4583 928 4636 arrodestiarum.
963 4578 1053 4633 Maius
1069 4578 1153 4648 legit:
1172 4586 1356 4635 nicaenorum.
1413 4600 1415 4603 ’

586 4667 601 4716 8
620 4660 725 4715 Codex:
743 4667 851 4731 profuit.
888 4662 964 4717 Corr.
983 4663 1082 4717 Maius.

585 4743 725 4802 9Codex:
744 4759 777 4801 et.
