4142 5659
477 681 511 725 Ἦ
744 645 746 659 ¹
909 658 1190 713 raonuoonnul.

400 819 412 843 ‘
474 835 579 898 locum
602 832 759 915 tenuisse,
790 832 926 911 eundem
954 833 992 896 de
1014 831 1142 895 rhetore
1166 832 1328 896 consulem
1351 853 1419 894 esse
1442 831 1622 913 suffectum,

476 935 612 1018 denique
639 934 683 997 M.
713 933 916 1002 Antoninum
943 932 1175 1016 Philosophum
1208 955 1244 997 eo
1272 933 1429 1017 magistro
1458 936 1490 996 et
1519 933 1622 995 amico

476 1037 576 1101 fuisse
605 1058 698 1100 usum
719 1035 954 1119 plurimumque
976 1034 1143 1118 tribuisse,
1173 1037 1220 1100 ita
1241 1038 1278 1098 111
1299 1036 1439 1098 statuam
1462 1036 1490 1098 ei
1512 1035 1547 1098 in
1575 1055 1623 1097 se·

476 1143 558 1203 natu
580 1142 714 1223 peteret.
759 1138 909 1202 Hominis
931 1138 1054 1200 famam
1082 1138 1233 1222 augebat,
1258 1137 1341 1220 quod
1362 1137 1398 1200 in
1421 1135 1623 1201 Commenta-

477 1241 533 1304 riis
555 1239 768 1323 Philosophus
799 1239 1000 1324 praedicaret
1030 1261 1063 1302 se
1092 1262 1111 1302 a
1132 1239 1295 1303 Frontone
1324 1239 1471 1303 didicisse
1493 1241 1531 1303 τὸ
1554 1240 1624 1303 ἐπι-

478 1347 583 1421 crata
606 1342 700 1421 11αὴ
723 1345 893 1423 τυραννικὴ
919 1343 1068 1422 βαεκανία
1090 1344 1140 1406 καὶ
1162 1341 1302 1406 ποικιλία
1316 1343 1366 1406 καὶ
1389 1341 1551 1419 ὑπόκρια(
1575 1343 1624 1404 καὶ

479 1445 528 1524 ὅτι
544 1444 589 1510 ὡς
605 1444 723 1510 ἐπίπαν
740 1445 770 1510 οἱ
785 1446 978 1523 καλούμενοι
1002 1443 1092 1509 οὗτοι
1107 1445 1189 1523 παρ>
1204 1445 1277 1522 ἡμῖν
1301 1442 1491 1522 Εὐπατρίδαι
1514 1442 1625 1520 scrop-

478 1547 607 1626 γότεροί
629 1568 700 1610 πω(
723 1545 805 1612 eicis.
848 1545 952 1609 Notae
975 1566 1100 1628 quoque
1122 1548 1216 1609 erant
1238 1545 1378 1628 quinque
1401 1543 1542 1607 eiusdem
1565 1542 1625 1604 dis-

479 1648 663 1733 putationes
687 1647 771 1729 apud
794 1646 933 1710 Gellium
956 1647 994 1709 de
1016 1646 1185 1710 verborum
1206 1649 1377 1730 potestate.
1421 1644 1504 1721 Quin
1529 1644 1626 1708 etiam

480 1752 608 1832 praeter
634 1769 753 1832 paucos
782 1749 936 1832 quosdam
970 1748 1057 1811 locos
1091 1747 1251 1812 breviores
1279 1749 1364 1830 apud
1391 1745 1626 1813 Grammaticos

479 1852 613 1915 Latinos
642 1841 834 1914 laudabatur
863 1850 992 1934 insigne
1014 1850 1236 1935 fragmentum
1259 1852 1344 1934 apud
1366 1850 1545 1913 Minucium
1567 1847 1625 1910 Fe-

479 1953 590 2036 licem,
614 1953 733 2035 inquo
756 1955 864 2016 orator
885 1951 1085 2017 Christianos
1108 1935 1311 2016 acerbissime
1328 1952 1482 2035 exagitat.
1527 1949 1627 2014 Nota-

428 2139 430 2142 ,
480 2055 577 2117 batur
598 2056 764 2136 praeterea
792 2053 920 2117 dicendi
949 2076 1052 2138 genus
1075 2077 1094 2117 a
1115 2054 1261 2137 plurimis
1284 2053 1491 2118 vehementer
1512 2052 1627 2135 proba-

480 2159 565 2237 tum,
590 2155 675 2219 inter
697 2176 776 2238 quos
799 2155 855 2218 alii
877 2155 912 2218 in
927 2155 1089 2220 Frontone
1112 2178 1264 2241 pompam
1285 2155 1478 2236 laudabant,
1503 2154 1627 2218 Macro-

480 2257 552 2321 bius
574 2296 617 2305 -
639 2258 722 2341 quod
744 2257 870 2321 mireris
894 2295 936 2306 -
959 2259 1149 2322 siccitatem.

566 2357 656 2434 Quod
678 2358 779 2442 igitur
800 2360 861 2423 viri
884 2360 970 2423 docti
999 2360 1260 2443 suspicabantur,
1295 2359 1526 2443 quodammodo
1556 2379 1628 2420 con-

482 2463 645 2526 firmatum
674 2461 715 2523 iri
742 2462 826 2543 quod
854 2461 1030 2526 Eumenius
1058 2463 1144 2526 dicat
1166 2465 1201 2525 in
1223 2462 1423 2545 Panegyrico
1447 2459 1629 2526 Constantii

397 2580 402 2586 ’
482 2563 679 2626 Frontonem
701 2562 867 2626 Romanae
891 2563 1092 2646 eloquentiae
1119 2587 1186 2628 non
1214 2565 1389 2629 secundum
1417 2584 1485 2626 esse
1508 2562 1563 2625 sed
1586 2560 1629 2623 al-

482 2667 587 2727 terum
609 2664 715 2747 decus,
740 2665 773 2750 id
795 2687 892 2748 quam
913 2665 1031 2744 falsum
1054 2669 1148 2749 esset,
1171 2670 1245 2749 post
1267 2665 1347 2729 Maii
1370 2664 1544 2728 editionem
1566 2684 1630 2725 om-

483 2765 578 2828 nibus
602 2765 761 2848 apparuit.
806 2765 954 2829 Praeter
962 2766 1079 2830 Italum
1086 2818 1095 2850 ,
1120 2767 1174 2850 qui
1196 2769 1365 2832 inventum
1387 2788 1479 2829 suum
1502 2785 1629 2828 exoscu-

402 2912 403 2915 ,
483 2866 625 2949 labatur,
655 2889 749 2930 nemo
777 2868 841 2930 fuit
868 2870 945 2951 quin
975 2872 1166 2952 agnosceret
1192 2870 1227 2932 in
1256 2870 1418 2933 Frontone
1448 2871 1631 2951 corruptam

486 2970 701 3053 eloquentiam
730 2972 762 3032 et
790 2971 826 3032 in
849 2970 1034 3053 aequalibus
1068 2975 1253 3055 corruptum
1286 2971 1450 3034 iudicium.
1495 2970 1630 3033 Fronto-

485 3072 603 3134 nianae
626 3071 779 3155 epistolae
801 3073 933 3136 minime
957 3075 1136 3156 comparari
1157 3076 1292 3157 possunt
1316 3095 1387 3136 cum
1409 3072 1631 3135 Plinianarum

487 3173 696 3255 praestantia.
742 3173 838 3237 Haud
861 3174 1036 3239 difficulter
1062 3175 1263 3239 intellectum
1286 3178 1349 3258 est,
1380 3197 1436 3238 cur
1463 3173 1507 3236 M.
1530 3174 1631 3237 Aure-

407 3301 409 3310 *
485 3274 547 3337 lius
587 3278 693 3338 cetera
732 3277 860 3359 quidem
895 3280 989 3360 grato
1025 3277 1131 3340 animo
1159 3280 1330 3359 memoret,
1372 3299 1453 3360 quae
1475 3275 1631 3339 Frontoni

487 3376 612 3458 debeat,
637 3377 691 3440 sed
713 3380 821 3441 taceat
843 3379 881 3441 de
905 3382 973 3441 arte
996 3379 1132 3442 dicendi.
1177 3379 1291 3462 Itaque
1313 3400 1355 3441 ne
1377 3378 1482 3441 Maius
1504 3378 1632 3460 quidem

487 3476 664 3540 Niebuhrio
687 3477 814 3560 obloqui
838 3500 933 3541 ausus
956 3482 1014 3560 est,
1040 3501 1111 3543 cum
1133 3480 1181 3543 ita
1203 3479 1340 3542 diceret:
1364 3479 1439 3561 „Ita
1462 3478 1632 3540 sententiis

488 3581 521 3641 et
542 3578 636 3640 rebus
658 3578 801 3641 nondum
822 3581 908 3642 notis
930 3602 1077 3663 vacuum,
1101 3581 1148 3643 ita
1163 3581 1265 3643 levem
1281 3582 1314 3643 et
1328 3579 1529 3660 indisertum,
1554 3578 1632 3661 quin

488 3699 715 3763 saepenumero
737 3680 848 3761 putide
876 3680 1067 3744 delirantem
1094 3682 1129 3745 in
1152 3680 1203 3745 his
1232 3681 1360 3764 quidem
1382 3681 1511 3763 scriptis
1533 3680 1632 3744 Fron-

488 3785 598 3845 tonem
619 3780 809 3865 invenimus,
835 3786 881 3866 ut,
907 3805 979 3846 cum
1001 3805 1177 3867 sanequam
1198 3782 1291 3846 multi
1313 3787 1524 3847 numerentur
1547 3783 1633 3846 inter

489 3882 622 3945 Latinos
643 3904 710 3946 non
732 3884 797 3966 opt'
837 3884 843 3895 '
868 3885 1050 3969 scriptores,
1074 3884 1127 3948 hic
1150 3886 1228 3949 adeo
1249 3885 1321 3949 vilis
1344 3885 1387 3949 sit
1408 3888 1445 3948 ut
1468 3907 1540 3949 cum
1556 3885 1645 3949 Silio.

489 3984 602 4047 Italico
624 3986 786 4048 numerari
809 3986 938 4050 debeat:
962 3986 1047 4050 inter
1063 3986 1202 4051 Graecos
1224 4009 1299 4051 vero
1322 3988 1362 4051 ab
1377 3988 1447 4071 ipso
1462 3987 1633 4051 Polemone

492 4090 547 4150 aut
568 4085 713 4149 Himerio
734 4087 886 4151 facundia
909 4092 942 4151 et
963 4110 1115 4152 sensuum
1137 4091 1306 4154 nobilitate
1329 4091 1513 4155 vincatur.“

576 4187 638 4253 Sed
673 4210 770 4271 quum
808 4189 844 4252 in
877 4191 1016 4255 editione
1049 4192 1280 4257 Mediolanensi
1312 4193 1421 4256 omnia
1452 4190 1634 4255 incredibili

491 4290 635 4354 socordia
658 4292 691 4353 et
711 4290 842 4354 levitate
866 4292 1091 4357 administrata
1114 4298 1231 4377 essent,
1255 4317 1328 4359 mox
1351 4293 1453 4358 exorti
1469 4296 1545 4357 sunt
1559 4292 1634 4356 Nie-

491 4391 624 4455 buhrius
648 4414 719 4455 cum
740 4391 939 4458 Buttmanno
962 4399 995 4459 et
1009 4396 1206 4480 Heindorfio,
1231 4398 1285 4481 qui
1307 4398 1454 4486 fecerunt
1475 4396 1559 4478 quod
1581 4417 1635 4478 pc-

491 4497 639 4576 tuerunt,
673 4498 709 4558 ut
736 4495 908 4560 Frontonis
941 4498 1127 4583 fragmenta
1158 4499 1223 4583 legi
1257 4503 1289 4563 et
1317 4499 1465 4582 intelligi·
1492 4501 1633 4581 possent.

493 4595 582 4671 Quod
614 4600 710 4679 caput
735 4599 781 4662 rei
806 4603 890 4683 erat,
920 4601 995 4684 quia
1022 4600 1127 4664 Maius
1149 4601 1296 4684 rescripti
1320 4600 1436 4664 codicis
1463 4600 1542 4663 folia
1569 4622 1635 4664 non

494 4698 572 4762 satis
593 4702 679 4764 recte
702 4700 867 4767 ordinarat
889 4706 922 4767 et
943 4702 1046 4766 multa
1073 4705 1193 4766 temere
1221 4705 1383 4785 turbarat,
1413 4702 1573 4785 sagaciter
1603 4706 1636 4765 et
