4142 5659
578 697 627 754 Ao
645 698 682 754 M.
695 696 888 755 CAESAREM
905 697 952 754 ΕΤ
970 696 1123 757 INVICEM
1139 696 1249 754 LIBER
1265 697 1327 754 ΙΠῙ.
1491 700 1532 767 63

471 872 535 938 Η11
558 876 594 937 11
614 874 752 938 fortasse
767 870 943 938 iandudum
958 873 1112 958 requiraS,
1136 894 1198 958 quo
1220 873 1255 936 in
1276 894 1409 936 numero
1430 872 1532 936 locem

385 977 430 1040 M.
453 976 606 1058 Tullium,
630 976 685 1059 qui
708 979 806 1060 caput
828 979 923 1059 atque
950 976 1024 1039 fons
1046 996 1197 1039 romanae
1224 975 1395 1039 facundiae
1419 974 1530 1038 cluet².

386 1078 471 1142 Eum
495 1099 555 1162 ego
579 1078 718 1141 arbitror
740 1100 966 1162 usquequaque
993 1078 1099 1142 verbis
1121 1076 1344 1160 pulcherrimis
1373 1075 1532 1139 elocutum

387 1184 420 1243 et
442 1182 517 1243 aute
540 1180 644 1243 omnis
667 1179 745 1243 alios
768 1183 909 1244 oratores
933 1181 973 1244 ad
995 1203 1043 1263 ea,
1067 1201 1147 1264 quae
1169 1182 1331 1243 ostentare
1353 1178 1459 1260 vellet,
1484 1201 1532 1240 or·

385 1282 494 1345 nanda
523 1281 734 1366 magnificum
760 1282 871 1345 fuisse.
922 1281 1043 1347 Verum
1071 1282 1098 1345 is
1125 1281 1208 1344 mihi.
1233 1281 1359 1345 videtur
1391 1303 1410 1343 a
1437 1302 1531 1364 quae-

385 1384 493 1447 rendis
527 1383 750 1468 scrupulosius·
780 1384 885 1448 verbis
917 1383 1029 1467 procul
1067 1384 1185 1446 afuisse
1223 1382 1274 1446 vel
1307 1383 1531 1467 magnitudine

387 1486 497 1568 animi,
522 1484 573 1550 vel
594 1486 675 1570 fuga
696 1485 825 1567 laboriS,
860 1485 911 1549 vel
938 1485 1088 1568 fiduciab,
1122 1507 1190 1548 101
1211 1485 1394 1568 quaerenti¹
1433 1484 1532 1547 etiam

386 1588 457 1670 sibi,
487 1608 569 1670 quae
597 1587 652 1650 vix
680 1586 751 1650 aliis
780 1587 1009 1670 quaerentibus
1036 1587 1254 1670 subvenirent,
1290 1588 1418 1671 praesto
1442 1585 1531 1648 adfu-

385 1700 468 1752 tura.
513 1689 627 1772 ltaque
663 1689 845 1772 conperisse
872 1688 996 1771 videor,
1031 1692 1068 1752 ut
1096 1690 1150 1773 qui
1179 1689 1246 1752 eius
1274 1689 1395 1771 scripta
1423 1687 1531 1751 omnia

386 1791 616 1854 studiosissime
638 1790 822 1872 lectitarim,
854 1792 960 1855 cetera
989 1812 1062 1853 eum
1084 1812 1204 1874 genera
1231 1791 1400 1854 verborum
1428 1790 1531 1871 copio-

386 1893 510 1956 sissime
532 1893 754 1976 uberrimaque
776 1895 945 1975 tractasse,
969 1893 1067 1956 verba
1089 1893 1229 1977 propria,
1260 1891 1428 1972 translata,
1459 1891 1531 1953 sim-

386 1995 494 2078 plicia,
525 1996 702 2079 conposita,
738 1997 770 2058 et
803 2016 883 2078 quae
911 1996 947 2058 in
976 1995 1043 2058 eius
1077 1994 1204 2057 scribtis
1230 1994 1347 2076 ubique
1378 1993 1529 2073 dilucent,

387 2097 485 2160 verba
507 2096 653 2180 honesta,
684 2117 912 2180 saepenumero
935 2097 1033 2160 etiam
1056 2117 1204 2159 amoena:
1227 2117 1323 2178 quom
1356 2097 1465 2158 tamen
1497 2095 1531 2157 in

386 2198 534 2261 omnibus
564 2199 632 2262 eius
660 2198 860 2262 orationibus
888 2198 1082 2281 paucissima
1110 2196 1278 2261 admodum
1310 2196 1451 2279 reperias
1483 2195 1531 2258 in-

300 2372 302 2390 ,
387 2302 516 2383 sperata
539 2296 640 2383 adque
655 2300 832 2391 ,inopinata
853 2300 960 2382 verba,
991 2320 1073 2382 quae
1098 2299 1229 2362 nonnisi
1253 2297 1456 2361 cumstudio
1485 2300 1531 2360 at·
1563 2299 1596 2356 15

387 2423 448 2484 que
471 2424 547 2465 cura
569 2404 665 2484 atque
688 2400 800 2484 vigilia
864 2423 924 2484 que
947 2401 1068 2464 multa²
1090 2405 1234 2465 veterum
1263 2401 1442 2464 carminum
1468 2421 1532 2462 me·
1546 2401 1613 2459 s

386 2505 488 2567 moria
522 2503 729 2587 indagantur.
754 2502 778 2587 l³
799 2503 1004 2586 Insperatum
1038 2505 1145 2566 autem
1175 2501 1295 2586 adque⁴
1328 2502 1533 2584 inopinatum

387 2627 461 2668 vero
484 2604 620 2688 appello,
644 2605 728 2688 quod
750 2607 877 2688 praeter
899 2627 989 2688 spem
1012 2607 1108 2688 atque
1130 2605 1316 2688 opinionem
1334 2604 1533 2667 audientium

388 2712 443 2769 aut
464 2706 643 2790 legentium
673 2696 847 2789 promitur:
869 2707 916 2770 ita
938 2710 975 2770 ut
996 2707 1023 2770 si
1046 2705 1228 2788 subtrahas,
1259 2706 1360 2788 adque
1383 2727 1456 2769 eum
1478 2705 1532 2788 qui
1602 2747 1604 2751 -
1694 2751 1696 2753 >

386 2808 476 2891 legat
503 2829 655 2892 quaerere
689 2809 795 2892 ipsum
822 2808 950 2891 lubeas,
987 2811 1044 2872 aut
1075 2807 1199 2871 nullum
1234 2810 1290 2870 aut
1319 2829 1385 2871 non
1412 2808 1460 2870 ita
1492 2807 1532 2869 ad

387 2909 636 2993 significandum
659 2909 953 2974 adcommodatum⁵
977 2910 1110 2973 verbum
1132 2909 1219 2972 aliud
1240 2910 1390 2992 reperiat.
1428 2907 1532 2982 Quam

387 3011 452 3073 obl
473 3033 542 3074 rem
563 3013 596 3074 te
618 3033 738 3095 magno
761 3033 856 3094 opere
886 3012 1052 3094 conlaudo,
1077 3012 1161 3094 quod
1183 3011 1212 3074 ei
1234 3011 1281 3074 rei
1304 3032 1413 3075 curam
1441 3011 1532 3073 indu-

387 3112 562 3195 striamque
579 3112 722 3196 adhibes,
745 3117 782 3176 ut
796 3115 928 3178 verbum
951 3137 989 3178 ex
1012 3113 1077 3177 alto
1098 3113 1211 3176 eruasl
1235 3114 1267 3176 et
1290 3113 1329 3175 ad
1347 3112 1532 3196 significan-

388 3214 463 3276 dum
490 3214 720 3279 adcommodes.
765 3215 896 3298 Verum,
925 3219 963 3279 ut
989 3215 1083 3279 initio
1106 3214 1181 3297 dixi,
1205 3235 1361 3298 magnum
1381 3214 1417 3276 iu
1439 3235 1477 3277 ea
1498 3234 1532 3276 re

387 3315 565 3398 periculum
587 3320 645 3400 est,
680 3339 722 3380 11
749 3317 856 3380 minus
885 3321 959 3401 apte
988 3320 1044 3380 aut
1070 3338 1184 3400 parum
1213 3316 1349 3379 dilucide
1384 3318 1441 3378 aut
1466 3336 1532 3378 101

388 3418 466 3480 satis
491 3419 613 3500 decore,
638 3419 693 3481 ut8
716 3441 735 3480 a
758 3418 941 3501 semidoctO,
972 3418 1171 3482 conlocetur:
1198 3438 1338 3501 namque
1359 3416 1461 3479 multo
1484 3438 1532 3480 sa-

473 3625 541 3674 111
559 3626 685 3689 marpine:
704 3620 776 3675 Laus
795 3620 942 3677 Ciceronis.

472 3705 491 3758 b
510 3710 544 3759 In
562 3711 688 3774 margine:
707 3705 813 3760 Tullius
833 3708 917 3776 eaput
935 3703 1026 3774 adque
1039 3707 1100 3762 fons
1112 3723 1244 3762 romanae
1251 3705 1433 3775 ‘eloquentiae
1447 3706 1532 3760 cluet:

387 3789 485 3858 procul
502 3791 597 3846 tamen
615 3807 632 3844 a
650 3791 815 3858 quaerendis
833 3790 1017 3860 scrupulosius
1034 3792 1127 3846 verbis
1147 3793 1200 3846 fuit
1221 3792 1266 3846 vel
1287 3791 1374 3845 animi
1395 3792 1533 3859 magnitu-

389 3875 452 3928 dine
470 3874 515 3928 vel
531 3875 602 3943 fuga
618 3875 723 3930 laboris
743 3876 786 3930 vel
802 3876 912 3930 fiducia.
1363 3890 1367 3898 ‘

388 4013 597 4023 —————.

474 4085 488 4131 1
507 4077 612 4133 Codex:
632 4085 779 4150 quaerendi.
816 4077 942 4135 Correxit
959 4079 1055 4136 Maius.

473 4163 578 4216 alud.
597 4181 650 4219 sec.
670 4183 706 4218 m.

473 4254 489 4302 3
506 4247 608 4317 incipit
626 4247 692 4303 Cod.
711 4248 801 4304 Vatia
821 4267 847 4319 p.
864 4257 920 4306 145.

472 4333 578 4387 lAdd.
599 4350 652 4388 see.
671 4353 708 4388 m.

472 4423 488 4470 5
507 4415 613 4471 Codex:
636 4425 804 4474 1111101111
825 4425 1016 4489 significandum
1041 4426 1294 4480 adcommodandum,·
1322 4420 1383 4473 tum
1405 4419 1533 4474 emenda·
1557 4439 1559 4441 ’

386 4501 459 4555 tum:
479 4507 701 4559 (adcommodatum.

473 4585 708 4642 6111111111.

474 4670 573 4726 'lCOd
593 4690 634 4742 pr.
653 4691 690 4727 m.
710 4677 793 4728 erbas.

472 4760 488 4810 8
507 4754 668 4826 Schopenus
686 4758 814 4812 correxit.
851 4756 944 4813 Codex
962 4776 1003 4828 pr.
1023 4774 1074 4813 m:
1094 4771 1146 4817 aut.
1171 4782 1174 4785 ³
