4142 5659
479 703 531 759 1v'
642 734 645 737 v
908 693 1188 748 PROLEGOMENA.

477 866 545 930 fere
567 867 720 951 indignus
743 867 898 929 videatur.
944 865 1066 940 Quibus
1097 887 1171 928 eum
1193 865 1351 943 confidam
1373 887 1423 930 ure
1445 866 1547 929 multa
1569 865 1624 929 ha-

477 969 570 1051 bere,
593 991 674 1052 quae
697 990 866 1050 reponam,
890 966 969 1030 illud
991 967 1131 1051 primurn
1153 967 1387 1031 observandum
1410 972 1475 1049 est,
1500 969 1525 1030 si
1549 967 1624 1031 Nie-

477 1070 610 1134 buhrius
643 1071 752 1133 statim
784 1072 857 1152 post
889 1067 1015 1143 Maium,
1048 1090 1165 1132 novam
1202 1069 1374 1133 editionem
1408 1070 1622 1151 adornaverit,

477 1172 646 1235 ridiculum
668 1193 719 1234 me
746 1171 831 1252 fore,
861 1170 888 1233 si
916 1169 1013 1233 stulte
1042 1173 1075 1233 et
1097 1173 1287 1254 arroganter
1315 1170 1505 1253 despiciam,
1540 1171 1624 1253 quod

477 1276 569 1335 tanto
592 1274 640 1337 vir
667 1275 800 1357 iugenio
822 1272 985 1354 tantisque
1014 1272 1180 1334 doctrinae
1209 1271 1323 1354 opibus
1353 1272 1491 1335 libenter
1520 1293 1623 1334 susce-

476 1376 577 1457 perit,
608 1397 680 1438 eum
696 1373 891 1458 praesertim
914 1373 1051 1436 editores
1073 1371 1299 1436 Berolinenses
1321 1395 1389 1436 101
1413 1374 1625 1457 cognoverint

477 1498 634 1559 eaquae,
664 1459 775 1559 paucis
798 1475 892 1538 annis
915 1477 1003 1557 post,
1039 1478 1167 1556 reperto
1189 1473 1351 1537 Vaticano
1376 1475 1500 1556 codice,
1532 1475 1624 1537 bonis

474 1578 591 1641 litteris
624 1580 656 1640 et
689 1577 790 1640 doctis
829 1575 1013 1639 hominibus
1052 1575 1153 1638 veluti
1187 1575 1227 1637 ab
1262 1575 1346 1639 Orco
1379 1576 1505 1640 reddita
1537 1578 1622 1638 sunt.

475 1677 593 1753 Quodsi
622 1681 735 1760 reputo
742 1728 750 1759 ,
781 1677 868 1740 subit
895 1677 1020 1759 mirari,
1056 1677 1111 1760 qui
1137 1677 1261 1740 factum
1284 1677 1326 1740 sit
1349 1680 1386 1740 ut
1407 1697 1465 1759 per
1487 1677 1624 1760 quadra·

475 1781 568 1864 ginta
590 1801 691 1843 annos
714 1800 807 1841 11110
830 1779 1008 1862 exstiterit,
1037 1780 1093 1862 qui
1115 1778 1301 1862 fragmenta
1321 1777 1484 1841 Vaticana
1506 1779 1623 1842 iterum

475 1884 658 1946 recenseret
685 1881 833 1964 ipsosque
858 1881 981 1944 codices
1005 1881 1123 1963 adiret,
1156 1902 1228 1943 cum
1249 1883 1360 1943 tamen
1383 1883 1458 1961 post
1479 1879 1623 1943 Niebuh-

474 1985 514 2047 rii
537 2004 666 2066 operam
689 1983 774 2065 apud
795 2003 905 2067 omnes
929 1984 1103 2063 constaret,
1127 1981 1162 2044 in
1183 1981 1407 2044 Ambrosianis
1429 1981 1623 2065 fragmentis
1704 2019 1722 2041 2

475 2084 659 2169 digerendis
682 2083 804 2147 Maium
826 2105 892 2147 non
914 2084 1034 2146 maiore
1062 2083 1180 2165 peritia
1209 2105 1304 2166 quam
1325 2083 1388 2146 fide
1409 2082 1509 2146 fuisse
1531 2105 1624 2146 usum

476 2186 645 2270 officioque
669 2185 799 2249 editoris
823 2184 994 2249 desultorie
1015 2185 1165 2248 functum
1188 2206 1267 2248 esse.

561 2288 623 2353 Sed
651 2286 847 2355 laudandum
876 2289 924 2350 est
951 2287 1238 2370 prudentissimum
1260 2285 1429 2349 Niebuhrii
1457 2286 1621 2368 iudicium,

475 2391 502 2453 si
524 2392 669 2453 veterum
692 2389 863 2471 scriptores
886 2389 1005 2471 partim
1028 2388 1096 2451 sint
1117 2390 1320 2470 praestantes
1335 2390 1368 2450 et
1389 2408 1519 2470 prorsus
1534 2408 1623 2470 egre-

475 2492 531 2574 gii,
556 2491 674 2573 partim
696 2490 781 2575 boni,
795 2511 855 2552 nee
877 2491 986 2552 tamen
1010 2491 1142 2571 optimi,
1166 2489 1285 2571 partim
1307 2487 1395 2551 infra
1418 2489 1562 2551 ordinem
1585 2510 1623 2551 ac

474 2595 612 2655 fortasse
634 2591 781 2674 pessimi,
804 2591 840 2653 in
861 2590 926 2653 illis
948 2589 1100 2652 heroibus
1123 2593 1156 2652 et
1178 2589 1387 2672 scriptoribus
1411 2590 1552 2653 classicis
1575 2590 1623 2671 ip·

474 2716 525 2757 101
546 2694 728 2756 litterarum
750 2692 856 2774 apices
877 2713 1000 2754 summa
1024 2713 1096 2754 cum
1119 2713 1195 2755 cura
1218 2692 1305 2775 exigi
1328 2690 1458 2774 debere,
1481 2692 1517 2754 in
1541 2694 1622 2754 eete-

474 2797 517 2859 ris
541 2817 602 2878 quo
626 2817 644 2856 a
666 2794 810 2875 perfecta
832 2793 1032 2875 praestantia
1059 2793 1202 2876 longius
1218 2793 1341 2874 absint,
1377 2814 1414 2856 10
1442 2793 1546 2877 magis
1575 2815 1622 2855 re-

473 2897 575 2959 laxari
598 2917 690 2979 posse
713 2895 872 2957 minutam
894 2916 990 2976 quam
1014 2895 1128 2957 ceteris
1150 2894 1303 2957 tribueris
1327 2886 1541 2977 diligentiam,
1566 2895 1622 2957 sed

474 2999 521 3061 ita
552 3000 662 3060 tamen
697 2997 794 3059 etiam
827 2996 982 3079 pessimos
1015 2996 1202 3058 tractandos
1230 2998 1263 3057 et
1290 2996 1512 3058 retractandos
1541 3018 1619 3077 esse,

475 3100 576 3162 donee
600 3097 817 3162 conditionem
839 3096 1040 3160 tolerabilem
1062 3096 1252 3160 reddideris:
1282 3118 1376 3160 omne
1400 3097 1486 3161 enim
1509 3119 1564 3160 vas
1587 3099 1621 3159 et

475 3223 601 3264 omnem
634 3199 864 3284 supellectilem
892 3199 927 3261 in
957 3199 1049 3261 domo
1083 3198 1165 3261 bene
1198 3199 1359 3262 instructa
1386 3199 1523 3262 nitidam
1552 3220 1620 3261 esse

475 3302 605 3384 debere,
634 3322 739 3384 neque
767 3298 959 3383 quemquam
987 3300 1025 3362 de
1053 3299 1215 3363 veteribus
1249 3300 1459 3382 scriptoribus
1491 3321 1620 3381 prorsus

475 3426 543 3467 esse
566 3402 807 3486 negligendum.
849 3401 1020 3464 Frontonis
1044 3404 1151 3464 autem
1173 3401 1244 3484 quis
1268 3402 1485 3465 conditionem
1507 3401 1621 3464 tolera-

473 3504 571 3567 bilem
593 3503 696 3584 dicat,
729 3524 800 3565 cum
822 3502 928 3565 Maius
957 3503 1131 3584 pristinum
1152 3502 1303 3566 foliorum
1326 3503 1471 3565 ordinem
1492 3502 1621 3565 restitus

474 3627 527 3668 ere
549 3626 615 3667 non
637 3604 779 3687 potuerit
792 3605 833 3666 'et
855 3604 890 3667 in
914 3604 1026 3667 codice
1045 3604 1238 3667 conferendo
1261 3604 1430 3667 adrnodum
1452 3603 1620 3687 negligen-

473 3711 523 3770 ter
546 3709 689 3770 versatus
712 3704 775 3768 sit?
812 3706 896 3768 unde
924 3704 1011 3768 mille
1041 3728 1162 3769 errores
1190 3707 1261 3769 nati
1289 3708 1380 3788 sunt,
1414 3705 1534 3788 partim
1555 3705 1620 3768 iam

474 3809 577 3872 acutis
600 3806 875 3871 emendationibus
899 3806 1028 3890 sublati,
1052 3808 1171 3890 partim
1193 3830 1280 3871 nunc
1303 3808 1431 3871 demum
1453 3806 1618 3889 patefacti,
1671 3864 1683 3878 ,

473 3910 593 3992 partim
616 3909 713 3972 etiam
736 3907 908 3991 detegendi
930 3909 959 3970 ei
982 3910 1036 3992 qui
1059 3912 1133 3991 post
1154 3930 1205 3971 me
1227 3909 1345 3972 veniet.

554 4009 709 4097 Nondum
731 4012 841 4072 tamen
864 4009 1016 4096 clocutus¹
1031 4033 1102 4073 sum
1124 4011 1199 4093 quid
1222 4010 1330 4092 frierit,
1356 4030 1412 4073 cur
1426 4032 1484 4092 per
1499 4009 1621 4093 aliquot

473 4134 599 4175 menses
620 4114 725 4174 toturn
747 4133 798 4174 me
826 4111 935 4174 darem
963 4112 1119 4175 Frontoni
1148 4113 1380 4194 cognoscendo
1426 4110 1460 4175 Si
1486 4110 1620 4174 Fronto-

473 4203 589 4276 nianas
612 4213 762 4297 epistolas
784 4216 964 4296 tempomm
991 4211 1117 4276 ratione
1145 4213 1356 4295 disposueris,
1386 4212 1518 4296 egregia
1546 4213 1619 4275 con-

473 4314 580 4378 ferent
613 4315 652 4377 ad
685 4315 943 4398 perspiciendam
975 4314 1116 4377 indolem
1146 4313 1190 4376 M.
1223 4313 1385 4377 Antonini
1417 4312 1617 4397 Philosophi,

475 4416 514 4478 ad
536 4437 630 4498 quem
645 4414 766 4499 Fronto
788 4417 975 4500 frequenter
997 4415 1193 4498 scriptitavit
1208 4418 1241 4477 11
1264 4416 1353 4478 cuius
1375 4414 1531 4498 plurimae
1554 4416 1618 4498 epi-

474 4516 574 4579 stolae
602 4517 636 4580 in
661 4519 768 4582 codice
795 4520 977 4602 supersunt.
1023 4515 1112 4579 Utile
1146 4519 1179 4579 et
1212 4515 1389 4579 iucundum
1422 4519 1471 4579 est
1499 4517 1616 4598 videre,

473 4639 536 4701 qua
558 4619 735 4682 studiorum
757 4620 897 4700 ratione,
922 4619 1001 4680 duce
1024 4616 1202 4698 Frontone,
1237 4602 1526 4701 quamplurimum
1549 4619 1618 4682 dili·

473 4722 574 4803 geret,
591 4718 746 4802 Princeps
762 4741 838 4782 usus
861 4720 913 4800 sit,
938 4718 1081 4782 omnium
1098 4719 1152 4801 qui
1168 4719 1289 4782 Romae
1312 4721 1513 4802 imperanmt
1534 4719 1616 4803 opti-
