4142 5659
752 636 963 711 'offlsoooeo
983 620 1159 712 ακλπωιο.
1468 664 1531 728 257

387 830 521 893 πίςτεως
551 831 602 893 διὰ
629 831 705 893 τοὺς
728 830 905 909 ἐρῶνταςῐ,
935 832 978 894 δι)
999 830 1080 908 ἡμᾶς
1109 832 1145 894 δέ
1167 831 1243 894 τοὺς
1266 830 1385 894 ἄλλους
1409 838 1532 912 βεβαιο-

386 933 482 1011 τέραν
505 933 563 1009 τὴν
586 932 683 997 δόξαν
707 933 860 1009 κέκτῃςθε.
906 931 937 994 Εἰ
958 924 1040 1007 γοῦν
1061 953 1107 995 τις
1130 937 1196 996 τῶν
1219 933 1351 1011 μηδέπω
1375 954 1407 996 ςε
1431 934 1531 1011 ἑωρα-

386 1037 493 1099 κότων
517 1032 732 1113 πυνθάνοιτο,
763 1033 879 1096 ὁποῖός
906 1054 952 1097 τις
981 1032 1086 1115 είίῖης
1107 1037 1165 1112 τὴν
1196 1034 1290 1114 ὄψιν,
1319 1035 1389 1112 ἐμοὶ
1411 1037 1467 1112 μὲν
1490 1036 1530 1098 ἀν

387 1136 547 1200 πιςτεύςαι
577 1135 779 1210 ἐπαινοῦντι,
807 1136 918 1212 μαθὼν
947 1135 996 1199 ὅτι
1023 1135 1083 1198 οὐκ
1112 1136 1192 1214 ἐρῶ·
1229 1142 1274 1218 τῶ
1302 1137 1335 1199 δ’
1357 1137 1531 1214 ἀπιςτήςαι,

388 1238 433 1300 ῶς
461 1237 520 1300 οὐκ
548 1235 675 1313 άληθιῖις
704 1235 780 1299 ἀλλῗ
809 1228 971 1314 ἐρωτικῶς
999 1236 1194 1302 ἐπαινοῦντι.
1238 1228 1345 1301 (Ὀςοιὶ
1380 1240 1437 1315 μὲν
1472 1237 1531 1300 οὗν

388 1339 475 1418 λώβη
498 1359 544 1402 τις
566 1337 712 1415 ςῶματος
734 1338 785 1400 καὶ
813 1336 923 1415 αίςχος
951 1338 1000 1427 καὶ
1027 1337 1171 1418 ἀμορφία
1194 1338 1370 1416 πρόςεςτιν,
1393 1339 1533 1403 εὔξαιντ’

388 1442 427 1504 ἀν
444 1439 573 1503 εἰκότως
596 1438 729 1517 ἐραςτάς
752 1437 861 1502 αὑτοῖς
882 1440 1042 1515 γενέςθαι·
1068 1440 1107 1503 οὐ
1122 1441 1184 1518 γὰρ
1208 1441 1247 1505 ἂν
1270 1440 1328 1504 ὑπ’
1350 1440 1460 1504 ἀλλων
1483 1446 1532 1503 θε-

388 1541 582 1618 ραπεόοιντο
612 1540 631 1616 ἢ
660 1543 728 1603 τῶν
757 1541 828 1603 κατ)
857 1540 1011 1619 ἐρωτικὴν
1041 1541 1158 1605 λύτταν
1186 1542 1235 1605 καὶ
1264 1540 1406 1618 ἀνάγκην
1435 1552 1532 1619 προς-

389 1644 516 1707 ιόντων.
561 1642 602 1705 (ὺ
631 1644 666 1705 δὲ
696 1641 730 1705 ἐν
758 1646 804 1724 τῷ
832 1647 948 1725 τοιῷδε
977 1643 1085 1707 κάλλει
1114 1642 1174 1706 οὐκ
1202 1643 1269 1707 ἐςθ’
1298 1642 1346 1708 ὅτι
1374 1645 1533 1723 καρπῶςει

388 1745 490 1809 πλέον
523 1744 583 1807 ὑπ’
618 1743 768 1821 ἐρωτοςί.
820 1743 923 1808 Οάδέν
953 1745 1025 1821 γὰρ,
1049 1744 1145 1821 ἧττον
1173 1744 1302 1809 δέονταί
1329 1767 1386 1810 ςου
1416 1745 1446 1809 οἱ
1474 1746 1532 1822 μὴ4

389 1847 537 1923 ἐρῶντες.
582 1844 742 1922 Ἀχρήϊοι5
770 1845 805 1907 δὲ
834 1845 864 1907 οἱ
893 1845 1021 1922 ἐραςταὶ
1048 1849 1117 1908 τοῖς
1135 1845 1257 1910 ιόντως
1291 1849 1400 1911 καλοῖς
1435 1845 1532 1909 οὐδἐν
1574 1925 1577 1930 ⁵

389 1947 487 2031 ἧττον
511 1948 529 2023 ἢ
552 1949 620 2009 τοῖς
642 1945 771 2008 δικαίως
794 1945 1040 2025 ἐπαινουμένοις
1063 1947 1093 2010 οἱ
1115 1947 1255 2012 κόλακες.
1293 1949 1402 2026 Ἀρετὴ
1426 1948 1534 2010 δὲκαὶ

389 2050 467 2114 δόξα
494 2049 544 2111 καὶ
572 2049 641 2125 τιμὴ
670 2048 720 2110 καὶ
748 2034 893 2126 κέρδοςθ.
941 2047 1062 2127 Κόςμος
1088 2048 1226 2132 θαλάττῃ
1256 2051 1312 2126 μὲν
1340 2052 1454 2112 ναῦται
1482 2050 1532 2110 καὶ

390 2153 577 2228 κυβερνῆται
600 2149 650 2211 καὶ
671 2149 857 2238 τριήραρχοι
879 2150 928 2213 καὶ
951 2149 1086 2228 ἐμποροι
1108 2151 1158 2213 καὶ
1181 2150 1212 2212 οἱ
1235 2149 1342 2213 άλλως
1365 2151 1531 2229 πλέοντες,

390 2257 429 2314 ου
451 2252 495 2329 μὰ
517 2251 582 2313 Δία
603 2252 771 2330 δελφῖνες,
794 2250 843 2315 οἷς
865 2250 1027 2315 ἀδύνατον
1050 2252 1088 2314 τὸ
1111 2255 1168 2327 Ζῆν
1191 2251 1239 2314 ότι
1262 2253 1302 2330 μὴ
1326 2252 1361 2316 ἐν
1384 2251 1533 2334 θαλάττῃ,

389 2352 515 2416 καλοῖς7
550 2354 585 2415 δὲ
617 2352 705 2430 ἡμεῖς
738 2352 767 2415 οἱ
794 2353 962 2429 τηνάλλως
995 2353 1205 2442 ἐπαινοῦντες
1231 2354 1281 2415 καὶ
1309 2352 1533 2430 ἀςπαίόμενοι,

349 2454 352 2462 “
390 2455 462 2532 οὐχὶ
483 2453 625 2532 ἐραςταί,
654 2452 702 2517 οἶς
730 2453 870 2532 ἀβίωτον
899 2454 938 2519 ἀν
967 2453 1014 2532 εἴη
1045 2453 1248 2531 ςτερομένοις
1275 2460 1341 2519 τῶν
1365 2458 1532 2518 παιδικῶν.

390 2556 501 2634 Εὕροις
521 2557 556 2617 δ>
577 2555 617 2619 ἀν
641 2560 770 2618 ςκοπῶν
794 2555 940 2634 πλείςτης
960 2554 1088 2621 ἀδοξίας
1110 2555 1238 2621 αἰτίους
1252 2558 1308 2634 μὲν
1332 2555 1430 2620 ὄντας
1457 2556 1534 2629 τοὺς

390 2657 538 2736 ἐραςτάς·
578 2655 709 2721 ἀδοξίαν
737 2657 779 2719 δὲ,
801 2656 934 2737 φεύγειν
963 2655 1107 2720 ἅπαντας
1137 2658 1194 2734 μἐν
1224 2660 1283 2736 χρὴ
1311 2659 1387 2721 τοὺς
1415 2658 1534 2738 εὐφρο-

389 2763 539 2832 νοῦντας,
561 2757 693 2836 μάλιςτα
715 2759 750 2822 δὲ
772 2759 849 2821 τοὺς
871 2757 1119 2837 νέους,ὀῖςέπί
1141 2760 1339 2838 μακρότερον
1363 2759 1534 2834 ἐγκείςεται

475 2960 596 3037 Ὥςιτερ
626 2959 686 3024 οὖν
714 2960 811 3039 ἱερῶν
840 2961 890 3024 καὶ
917 2960 1040 3037 θυείας,
1075 2960 1161 3024 οὕτω
1195 2962 1245 3025 καὶ
1272 2966 1332 3025 τοῦ
1361 2963 1430 3042 βίου
1457 2963 1534 3026 τοὺς

391 3055 592 3142 ἀρχομένους
614 3061 762 3137 εὐλογίας
786 3061 948 3144 λίμάλιςτα
963 3082 1074 3141 πρ.
1092 3113 1120 3125 ..
1143 3065 1210 3126 τοῖς
1228 3067 1339 3127 τῶν..
1357 3113 1363 3124 .
1379 3063 1422 3126 εἰς
1445 3063 1533 3142 ἐεχά-

391 3185 447 3243 την
471 3163 601 3228 ἀδοξίαν
625 3185 673 3226 α.
701 3212 707 3225 .
734 3209 741 3223 .
765 3163 901 3227 τούτους
923 3165 958 3227 δέ
981 3165 1136 3242 χρηςτοάς
1158 3164 1290 3242 ἐραςτάς
1311 3164 1385 3229 ἐξὸν
1409 3163 1436 3228 εἰ
1459 3213 1466 3226 .
1492 3213 1499 3226 .
1526 3213 1532 3226 .

329 3334 333 3338 ,
392 3267 487 3330 πέντε
517 3267 567 3329 καὶ
591 3313 598 3327 .
624 3315 631 3326 .
658 3315 664 3326 .
691 3315 697 3326 .
722 3287 743 3329 α
765 3285 832 3329 νεικ
855 3314 861 3327 .
888 3312 896 3327 .
922 3315 928 3327 .
952 3285 1012 3330 νον
1041 3249 1145 3344 χρῆμα
1173 3266 1318 3344 ἐραςταῑς
1342 3315 1348 3328 .
1375 3315 1381 3327 .
1407 3315 1414 3328 .
1444 3287 1533 3330 του.

394 3415 400 3428 .
427 3417 432 3429 .
459 3417 464 3429 .
488 3370 524 3430 δὲ
551 3368 685 3445 καὶγὰρ
713 3367 745 3430 οί
767 3367 904 3446 ἐρῶντες
928 3367 979 3431 διὰ
1000 3373 1068 3430 τῶν
1090 3371 1226 3432 τοιῶνδε
1250 3367 1448 3447 φορημάτων
1476 3366 1535 3429 οὐκ

392 3469 534 3533 ἐκείνους
556 3472 694 3549 τιμῶςιν,
719 3467 794 3531 ἀλλ)
817 3466 908 3531 αὐτοὶ
924 3465 997 3545 ἀλαί
1008 3468 1214 3534 9ζονεύονταί
1229 3489 1263 3532 τε
1279 3469 1328 3530 καὶ
1343 3469 1534 3532 ἐπιδείκνυν-

479 3625 491 3670 1
510 3618 629 3671 Videtur
648 3618 744 3672 deesse
766 3619 963 3687 διαμαρτάνειν
985 3619 1030 3672 vel
1048 3621 1162 3685 ἀτυχεῖν
1180 3619 1223 3673 vel
1241 3613 1399 3671 hliiusmodi
1416 3619 1535 3673 voeabu-

392 3704 457 3769 lum,
478 3702 521 3756 oui
539 3720 604 3756 mox
620 3703 793 3756 reddendum
811 3708 968 3769 κεκτῆςθαι.
1004 3709 1179 3771 Heindorfius.

477 3786 613 3855 2Inoipit
631 3786 698 3841 Cod.
718 3788 845 3840 Ambros.
864 3805 891 3855 p.
911 3793 953 3840 84.
990 3787 1095 3841 Codex:
1116 3789 1167 3855 εἴη.

479 3880 494 3926 3
512 3871 680 3924 Niebuhrius
698 3871 809 3925 ooniieit
827 3873 958 3938 ἐρῶντος.
1123 3858 1133 3877 '

478 3964 494 4010 4
513 3955 618 4009 Codex:
638 3962 792 4024 μηρῶντες.

478 4042 555 4096 osta
574 4040 675 4094 Codex,

478 4132 494 4178 θ
513 4125 617 4178 Codex:
637 4127 757 4192 ςκέρδος,
784 4126 860 4179 Haeo
878 4127 965 4180 verba
982 4143 1037 4180 non
1055 4126 1189 4195 intelligo.
1227 4126 1463 4194 simplicissimum
1482 4129 1535 4180 erit

395 4229 457 4264 eum
474 4211 648 4262 Βιιίίιιιτιιιιιο
665 4209 787 4263 inserere
806 4211 863 4264 καί
883 4214 928 4264 καί
947 4213 1043 4276 κέρδος
1062 4215 1115 4265 καὶ
1134 4213 1234 4276 κόςμος
1253 4211 1378 4277 θαλάττῃ
1399 4214 1454 4263 κτὲ.

480 4301 494 4348 7
514 4294 619 4349 Codex:
651 4295 785 4361 κάλλους,
809 4295 884 4361 quod
901 4295 988 4347 miror
1006 4294 1128 4347 nondum
1146 4295 1230 4347 fuisso
1249 4294 1434 4347 emendatum,
1471 4295 1534 4346 Mox

394 4380 547 4433 Iacobsius:
567 4382 620 4445 οὐχ
637 4380 664 4433 οἱ
682 4380 800 4446 ἐραςταί,

479 4471 495 4518 θ
514 4463 644 4531 Sequitur
667 4464 732 4518 Cod.
757 4464 886 4517 Ambros.
905 4482 931 4532 p.
953 4471 998 4530 83,
1023 4462 1098 4516 ouius
1122 4463 1259 4530 sorjptura
1282 4463 1401 4516 evanida
1423 4465 1535 4535 praeter

395 4550 507 4602 ultimos
526 4565 621 4602 versus
640 4549 690 4602 ool.
710 4547 831 4602 alterius.
869 4547 986 4617 Supplet
1003 4547 1192 4600 Heindorfius:
1223 4547 1338 4611 μάλιςτα
1361 4549 1461 4612 πρέπει
1479 4549 1535 4600 ἐπι-

396 4638 541 4701 μελεῑςθαι.

480 4718 615 4786 θλιιοίρῖί
633 4716 699 4775 Cod.
718 4717 844 4770 Ambros.
864 4730 894 4785 pJ
911 4724 951 4771 74.

449 4838 548 4876 FRONT.
570 4839 604 4872 ET
623 4838 726 4876 AUBEL.
745 4838 836 4874 EPIST.
1294 4802 1331 4866 17
