4142 5659
497 685 539 750 84
708 682 744 740 Μ.
760 681 930 740 CORNELII
946 681 1154 742 FRONTONIS
1172 682 1429 744 EPISTULARUM
1505 700 1509 706 ’

465 901 469 910 .
496 857 603 939 ipsua¹
630 856 661 920 vi
682 858 718 920 in
741 878 901 922 carcerem
924 859 1095 943 compegit.
1141 859 1190 924 Ob
1219 882 1290 923 earn
1313 883 1381 924 rem
1410 883 1429 924 a
1457 861 1645 925 censoribus

496 960 637 1021 notatur.
682 957 797 1022 Divide
829 960 968 1043 primum
997 982 1136 1044 causam,
1172 961 1241 1026 εἶτα
1263 963 1307 1028 εἰ(
1335 964 1469 1043 ἑκάτερα
1495 966 1534 1028 τὰ
1565 967 1644 1044 μέρη

497 1060 696 1140 ἐπιχείρηεον
719 1062 770 1124 καὶ
791 1066 980 1141 κατηγορῶν
1002 1064 1052 1126 καὶ
1075 1063 1351 1144 ἀπολογούμενος.
1375 1064 1466 1147 Vale,
1491 1063 1642 1146 Domine,
1665 1084 1670 1096 ·

497 1160 551 1223 lux
574 1161 716 1224 omnium
738 1165 875 1226 tuorum.
920 1163 1059 1228 Matrem
1080 1163 1253 1228 Dominam
1275 1167 1390 1229 saluta.

793 1331 972 1398 XXVIII.
995 1332 1054 1427 43.
1087 1332 1260 1429 Magistro
1282 1334 1370 1399 ileo.
1411 1432 1414 1443 η

583 1465 659 1531 Dies
681 1466 760 1530 mihi
782 1470 869 1530 totus
891 1489 1009 1531 vacuus
1033 1469 1113 1539 erit„
1134 1467 1244 1552 Siquid
1266 1492 1419 1553 umquam
1440 1492 1492 1534 me
1516 1473 1642 1553 amasti,

497 1568 591 1633 hodie
614 1591 686 1632 ama
714 1569 765 1631 et²
792 1569 923 1632 uberem
950 1569 995 1631 mi
1023 1560 1192 1632 materiam
1214 1571 1317 1653 mitte,
1337 1592 1397 1644 oro
1427 1575 1459 1634 et
1487 1593 1566 1655 rogo
1594 1575 1645 1637 καὶ

498 1673 657 1752 ἀντιβολῶ
681 1673 730 1735 καὶ
752 1672 863 1749 δέομαι
885 1672 935 1734 καὶ
956 1671 1097 1735 ἱκετεύω.
1140 1669 1179 1734 In
1207 1671 1268 1734 illa
1291 1672 1378 1734 enim
1401 1673 1645 1736 centumviralei

497 1795 564 1836 non
592 1773 702 1836 inveni
734 1774 863 1854 praeter
895 1773 1138 1852 ἐπιφωνήματα.
1182 1771 1264 1836 Vale
1287 1773 1406 1856 optime
1433 1774 1599 1858 magister.
1619 1775 1644 1860 [3

497 1874 637 1937 Domina
658 1896 729 1937 mea
751 1877 784 1936 te
806 1873 935 1939 salutat.
958 1872 1114 1936 Volebam
1137 1874 1266 1957 aliquid,
1290 1874 1346 1937 ubi
1362 1874 1494 1938 clamari
1516 1875 1642 1958 debeat,

498 1976 646 2050 seribere.
691 1974 776 2037 Fave
798 1974 842 2036 mi
865 1977 897 2037 et
919 1996 1034 2057 quaere
1059 1974 1231 2038 clamosam
1253 1975 1411 2042 ὑπόθεειν.

809 2143 952 2219 XXIX.
975 2143 1032 2208 44.
1066 2144 1217 2210 Domino
1239 2144 1327 2211 Meo.

582 2279 749 2363 Perendie,
774 2277 922 2361 Domine,
946 2282 978 2342 te
1000 2279 1130 2343 videbo:
1153 2292 1224 2343 sum
1252 2281 1338 2343 enim
1361 2279 1465 2344 adhuc
1494 2303 1512 2343 a
1536 2281 1644 2345 cubito

498 2385 531 2446 et
554 2382 675 2445 cervice
697 2380 852 2444 infirmus
887 2380 948 2444 Fer
970 2381 1051 2465 me4,
1081 2382 1222 2464 obsecra,
1251 2381 1352 2444 nimia
1380 2383 1535 2445 etardus
1563 2405 1583 2446 a
1611 2385 1644 2445 te

497 2483 725 2566 postulantem.
754 2481 806 2545 Ita
820 2483 855 2545 in
871 2483 1014 2546 animum
1035 2505 1143 2546 meum
1164 2482 1276 2545 induxi
1290 2504 1383 2565 posse
1400 2483 1527 2546 efficere
1543 2505 1644 2567 quan-

498 2588 567 2646 tum
591 2583 802 2648 contenderis
847 2582 916 2646 Nec
939 2583 1110 2666 depraecor
1132 2585 1211 2668 quin
1232 2607 1283 2647 me
1306 2585 1419 2668 odorio,
1443 2584 1526 2648 nisei
1543 2607 1645 2668 quan-

498 2688 568 2748 tum
590 2685 717 2768 postulo
739 2685 921 2767 perfeceris,
951 2685 988 2767 si,
1017 2688 1055 2748 ut
1075 2687 1168 2772 facis,
1193 2687 1336 2749 animum
1364 2689 1398 2749 et
1424 2687 1566 2750 studium
1593 2708 1644 2749 ac-

500 2786 758 2850 commodaveris
803 2785 894 2869 Vale,
918 2786 1066 2870 Domine,
1096 2788 1204 2851 anima
1226 2810 1297 2851 mea
1318 2787 1399 2851 mihi
1420 2788 1535 2871 potior.
1580 2787 1644 2851 Do-

498 2889 620 2951 minam
641 2891 777 2951 matrem
799 2887 913 2951 saluta.

815 3051 943 3122 XXX.
966 3058 1024 3122 45.
1057 3057 1209 3123 Domino
1231 3057 1319 3125 Meo.

582 3194 716 3257 Annum
742 3214 861 3256 novum
892 3194 1036 3257 faustum
1068 3193 1130 3257 tibi
1163 3196 1196 3256 et
1222 3194 1409 3276 adomnia,
1448 3215 1529 3277 quae
1556 3198 1645 3258 recte

499 3297 599 3380 cupis,
623 3317 811 3379 prosperum
839 3316 911 3358 cum
938 3295 999 3358 tibi
1020 3299 1090 3359 tum
1112 3295 1251 3359 Domino
1272 3300 1383 3358 nostro
1411 3297 1498 3378 patri
1526 3299 1582 3359 tuo
1612 3301 1646 3360 et

497 3398 594 3461 matri
617 3400 649 3460 et
670 3397 761 3459 uxori
784 3398 817 3459 et
837 3395 943 3458 filiae⁵
971 3397 1147 3480 ceterisque
1176 3397 1335 3479 omnibuS,
1359 3418 1437 3480 quos
1459 3399 1576 3460 merito
1600 3398 1645 3461 di-

497 3499 582 3584 ligis,
607 3519 749 3580 praecor.
789 3496 892 3560 Metui
920 3518 980 3581 ego
1006 3496 1148 3561 invalido
1181 3497 1284 3562 adhuc
1312 3519 1442 3581 corpore
1468 3499 1583 3562 turbae
1612 3503 1646 3562 et

498 3598 732 3683 inpraessioni⁶
754 3619 804 3661 me
828 3600 1036 3663 committere.
1083 3599 1117 3664 Si
1139 3600 1190 3663 dei
1212 3600 1380 3681 iuvabunt,
1409 3600 1562 3682 perendie
1589 3622 1645 3664 vos

497 3704 573 3764 vota
595 3701 813 3782 nuncupantis
842 3701 964 3765 videbo,
1009 3701 1090 3766 Vale
1118 3700 1162 3764 mi
1185 3698 1321 3764 Domine
1344 3700 1536 3765 dulcissime.
1581 3701 1645 3765 Do-

498 3802 621 3865 minam
643 3801 756 3865 saluta.

584 4021 662 4076 lSio
679 4021 776 4076 Maius,
818 4021 922 4076 Codex:
941 3972 1051 4076 IPSIUS.
1086 4021 1216 4077 Fortasse
1237 4022 1319 4076 latet:
1347 4029 1403 4091 ipsc
1421 3998 1494 4076 iussit
1511 4029 1537 4077 in
1555 4045 1647 4079 corce-

499 4129 552 4162 rem
570 4113 702 4177 compingi.

791 4189 805 4216 a

584 4233 599 4280 2
619 4225 724 4280 Codex:
743 4238 822 4288 omen
840 4227 899 4280 tum
918 4239 943 4281 et
959 4227 1077 4280 fortasse
1095 4231 1269 4295 expunctum.

584 4318 600 4366 3
617 4310 718 4380 Incipit
736 4309 802 4365 Cod.
822 4311 911 4365 Vatia.
930 4329 958 4380 p.
973 4317 1013 4365 79.

581 4401 599 4448 4
617 4396 661 4450 Ita
678 4395 845 4463 Schopenus.
882 4395 972 4449 Maius
989 4412 1045 4449 uno
1062 4396 1211 4451 vocabulo:
1231 4401 1328 4450 Ferme.
1396 4391 1400 4396 ⁴

582 4480 728 4548 oErgone
754 4480 824 4533 hacc
847 4480 966 4549 epistula
989 4479 1093 4549 scripta
1115 4481 1225 4534 videtur
1247 4497 1280 4535 eo
1307 4486 1447 4550 tempore,
1475 4497 1531 4549 quo
1554 4482 1647 4536 adhuc

498 4565 580 4619 unica
596 4565 702 4618 Lucilla
720 4565 793 4630 erat,
819 4564 906 4618 Marci
924 4563 1043 4617 filiarum
1065 4566 1133 4618 natu
1155 4566 1294 4619 maxima?
1323 4570 1417 4620 Maius.
1458 4564 1522 4618 Dixi
1540 4566 1647 4620 dehac

497 4668 527 4706 re
545 4650 574 4703 in
591 4648 804 4718 prolegomenis.

582 4733 659 4787 oIta
677 4732 777 4786 Codex.
