4142 5659
550 670 599 722 AD
619 669 748 723 VERUM
765 670 886 724 IMPER.
905 670 1095 724 AURELIUM
1113 670 1305 724 CAESAREM
1323 672 1430 726 LIBER
1447 674 1482 726 ΙΙ.
1528 675 1588 739 123

438 841 538 923 citat,
563 840 788 924 inpudentiam
811 841 983 924 extinguit,
1007 841 1161 904 virtutem
1184 841 1379 923 cohortatur,
1403 843 1483 906 vitia
1506 865 1589 906 com-

436 943 541 1024 futat,
572 941 701 1024 suadet,
732 941 866 1024 mulcet,
896 942 1004 1024 docet,
1036 941 1229 1005 consolatur.
1275 941 1422 1026 Denique
1450 965 1588 1027 provoco

438 1044 594 1108 audacter
617 1044 665 1105 et¹
692 1044 880 1107 condicione
901 1046 1024 1106 vetere:
1063 1043 1202 1106 omittite
1232 1034 1448 1126 eloquentiam
1477 1048 1509 1108 et
1530 1045 1587 1108 im-

437 1148 568 1228 perate,
592 1146 753 1208 orationes
774 1146 809 1208 in
826 1147 940 1207 senatu
955 1143 1073 1206 habere
1095 1144 1235 1207 omittite
1258 1148 1290 1207 61
1305 1146 1493 1209 Armeniam
1515 1147 1588 1208 sub-

438 1247 536 1330 igite:
561 1245 615 1308 alii
638 1267 763 1329 quoque
786 1246 882 1309 duces
904 1248 979 1308 ante
1000 1265 1057 1307 vos
1081 1245 1269 1308 Armeniam
1291 1247 1505 1330 subegerunt:
1532 1246 1588 1309 sed

438 1370 521 1429 una,
544 1345 759 1428 meherculeS,
789 1349 846 1408 tua
869 1344 1023 1429 epistula,
1053 1367 1118 1408 una
1140 1336 1188 1409 tui
1210 1347 1320 1409 fratris
1344 1348 1383 1410 de
1405 1351 1437 1410 te
1459 1348 1587 1431 tuisque

438 1448 615 1510 virtutibus
638 1447 740 1509 oratio
767 1446 907 1536 nobilior
936 1448 976 1510 ad
1007 1446 1143 1531 gloriam
1166 1450 1198 1510 61
1220 1448 1259 1511 ad
1281 1451 1426 1531 posteros
1450 1449 1587 1512 celebra·
1625 1490 1627 1493 -

436 1549 504 1612 tior
526 1549 588 1612 erit
615 1569 711 1630 quam
733 1549 875 1632 plerique
904 1549 1088 1632 principum
1109 1548 1275 1631 triumphi.
1320 1548 1491 1613 Ventidius
1519 1550 1585 1632 ille,

438 1653 612 1733 postquam
634 1649 772 1712 Parthos
794 1650 878 1712 fudit
901 1650 1107 1733 fugavitque,
1132 1650 1171 1712 ad
1194 1651 1362 1713 victoriam
1384 1673 1475 1715 suam
1496 1674 1587 1736 prae-

439 1751 621 1833 dicandam,
646 1751 825 1814 orationem
847 1773 866 1813 a
889 1750 928 1814 G.
954 1749 1126 1814 Sallusti0²
1148 1753 1313 1814 mutuatus
1336 1754 1400 1815 est:
1425 1755 1457 1815 61
1479 1752 1587 1816 Nerva
1642 1768 1644 1771 “

438 1852 528 1915 faeta
557 1873 615 1914 sua
647 1852 684 1915 11
713 1855 828 1915 senatu
860 1852 965 1914 verbis
993 1851 1180 1934 rogaticiisa
1210 1849 1469 1929 commendavit.¹
1504 1853 1588 1917 Item

438 1951 585 2035 plerique
608 1955 684 2016 ante
713 1956 863 2035 parentes
886 1955 1009 2016 vestros
1037 1953 1267 2035 propemodum
1289 1954 1432 2017 infantes
1455 1959 1487 2019 et
1510 1956 1588 2020 elin·-

357 2040 360 2043 ’
440 2075 520 2137 gues
542 2054 706 2138 principes
728 2054 876 2135 fuerunt,
907 2054 961 2136 qui
984 2054 1022 2116 de
1046 2054 1149 2115 rebus
1163 2053 1298 2117 militiae
1321 2077 1339 2117 a
1361 2077 1395 2119 se
1418 2057 1518 2140 gestis
1539 2059 1588 2120 11-

440 2155 488 2218 hil
515 2156 620 2238 magis
647 2155 734 2239 loqui
762 2158 895 2237 possent
928 2177 1023 2238 quam
1049 2154 1161 2239 galeae
1182 2154 1367 2237 loquuntur.
1412 2157 1588 2239 Postquam

440 2277 524 2339 resp.
559 2278 577 2318 a
605 2256 848 2340 magistratibus
883 2256 1000 2319 annuis
1031 2257 1072 2343 ad
1101 2255 1139 2319 G.
1165 2255 1356 2320 Caesaremb
1385 2260 1417 2320 et
1445 2279 1519 2321 mox
1548 2259 1588 2328 ad

441 2359 627 2442 Augustum
648 2357 767 2420 tralata
790 2360 855 2439 est,
881 2357 1010 2421 Caesari
1033 2357 1162 2441 quidem
1183 2357 1372 2420 facultatem
1394 2358 1520 2443 dicendi
1542 2360 1587 2423 vi·

441 2459 500 2522 deo
524 2458 813 2544 [³imperator2'um4
841 2459 956 2542 fuisse,
980 2460 1166 2542 Augustum
1193 2479 1268 2521 vero
1303 2458 1422 2521 saeculi
1449 2460 1587 2524 residui⁵

441 2559 607 2643 eleganter
629 2564 662 2623 61
683 2559 802 2642 latine,
837 2560 969 2643 linguae
997 2560 1166 2623 etiamtum
1194 2559 1323 2643 integro
1351 2560 1459 2644 lepore
1481 2562 1587 2645 potius

441 2684 539 2745 quam
572 2662 698 2725 dicendi
736 2662 883 2725 ubertate
926 2660 1107 2743 praeditum
1140 2664 1228 2744 puto.
1291 2659 1369 2724 Post
1401 2663 1588 2746 Augustum

441 2762 593 2826 nonnihil
621 2763 829 2846 reliquiarum
859 2762 924 2824 iam
947 2764 979 2824 et
1001 2761 1159 2824 victarum
1182 2764 1214 2824 61
1235 2761 1471 2826 tabescentium
1495 2763 1588 2826 Tibe-
1611 2773 1614 2777 ’

441 2864 489 2926 110
516 2863 565 2926 illi
587 2863 794 2947 superfuisse.
839 2853 1053 2945 Imperatores
1084 2865 1191 2925 autem
1218 2862 1369 2946 deinceps
1399 2864 1438 2926 ad
1466 2847 1587 2947 Vespa-
1634 2878 1646 2896 ·

441 2967 569 3028 sianum
590 2987 690 3048 usque
706 2963 860 3027 eiusmodi
882 2984 1003 3044 omnes,
1027 2966 1148 3026 utnon
1170 2964 1277 3027 minus
1298 2964 1469 3027 verborum
1490 2965 1587 3048 pude-

442 3069 503 3148 ret,
528 3088 624 3148 quam
646 3065 773 3149 pigeret
795 3085 920 3127 morum
943 3067 974 3126 61
996 3064 1163 3127 misereret
1183 3065 1374 3128 facinorum.

527 3166 617 3242 Quod
638 3167 709 3250 quis
733 3166 834 3249 dicat,
858 3165 1034 3228 nonenim
1056 3164 1248 3227 didicerant:
1282 3166 1360 3246 qur⁶
1383 3186 1460 3249 ergo
1487 3166 1586 3249 impe·
1622 3199 1624 3201 >

442 3269 574 3351 rabant,
598 3267 672 3330 aut⁷
695 3267 892 3349 imperarent
907 3268 1002 3349 gestu
1018 3286 1142 3346 cense0,
1159 3267 1196 3327 ut
1210 3265 1398 3348 histriones,
1422 3269 1478 3328 aut
1492 3270 1584 3349 nutu,

441 3374 478 3433 ut
499 3369 596 3450 muti,
620 3372 676 3431 aut
698 3389 755 3450 per
777 3368 998 3450 interpretem,
1022 3369 1060 3428 ut
1082 3365 1240 3429 barbaric.

526 3521 544 3557 a
562 3509 595 3556 In
613 3508 737 3570 11119116,
757 3505 800 3554 ubi
815 3506 942 3568 repetitur
960 3507 1043 3560 locus,
1064 3509 1102 3552 est
1121 3498 1280 3568 rogatariis.

526 3588 545 3640 b
565 3592 597 3641 In
615 3592 744 3654 11119111.-
773 3584 815 3637 Ι)6
833 3584 866 3641 G.
886 3582 1012 3638 Caesaris
1032 3584 1204 3651 eloquentia,
1227 3583 1261 3636 de
1284 3584 1405 3652 Augusti
1423 3584 1532 3637 dicendi
1549 3585 1587 3639 le-

441 3688 518 3740 pore,
537 3671 570 3726 de
589 3670 694 3725 Tiberii
712 3669 846 3724 nonnulla
863 3668 1005 3722 litteratae
1024 3667 1169 3731 scientiae,
1198 3667 1231 3720 de
1250 3668 1420 3735 reliquorum
1437 3668 1587 3738 imperato-

442 3775 505 3809 rum
521 3754 653 3825 inperitia
672 3756 738 3822 (sic).

527 3858 542 3893 c
559 3845 593 3894 In
610 3844 737 3907 mei-piae:
756 3837 853 3891 Sinon
865 3836 1029 3903 didicerant,
1049 3854 1097 3890 cur
1108 3837 1304 3906 imperabant?
1322 3836 1494 3906 imperarent
1506 3840 1588 3907 gestu

441 3926 473 3978 ut
490 3923 649 3987 histriones,
667 3923 736 3975 nutu
754 3923 785 3974 ut
802 3920 881 3987 muti,
900 3922 949 3974 aut
966 3938 1017 3990 per
1034 3921 1220 3990 interpretem
1237 3922 1269 3973 ut
1285 3920 1407 3974 barbari.

528 4031 540 4077 1
561 4024 621 4078 Om.
640 4024 739 4077 Maius.
774 4023 840 4075 Mox
857 4021 995 4091 Hauptius
1009 4028 1154 4075 Armeniam
1172 4021 1293 4090 subigito
1311 4039 1362 4090 pro
1380 4027 1492 4085 subicite,
1512 4026 1587 4092 quod

441 4111 498 4178 legi
514 4108 625 4162 videtur
641 4107 671 4160 11
690 4106 798 4162 Codice.

526 4192 695 4246 2Notemus
718 4190 842 4245 Sallustii
866 4191 1045 4259 deperditam
1069 4190 1231 4245 orationem.
1267 4189 1393 4242 Ventidii
1414 4189 1586 4259 triumphum

441 4278 580 4332 memorat
596 4277 712 4344 praeter
730 4274 799 4329 alios
818 4277 945 4329 auctores
963 4273 1016 4327 Dio
1034 4281 1080 4340 49,
1104 4281 1144 4327 21.
1182 4278 1274 4327 Maius.

526 4369 542 4416 3
560 4358 662 4428 Incipit
680 4359 746 4413 Cod.
766 4359 893 4413 Ambros.
913 4377 940 4428 p.
960 4365 1018 4413 412.

527 4454 544 4498 4
563 4446 633 4499 Tres
651 4442 822 4512 posteriores
833 4443 945 4496 litterae
963 4460 1020 4496 101
1039 4444 1184 4512 apparent.
1223 4441 1367 4511 Supplevit
1384 4442 1482 4497 Maius.

526 4536 542 4584 5
561 4529 668 4584 Codex:
687 4527 755 4582 RES
775 4569 886 4580 .....
906 4526 1088 4580 Niebuhrius:
1107 4531 1212 4580 residua
1230 4532 1365 4595 elepantia.

526 4614 604 4667 blta
623 4612 723 4666 (lodex.

527 4704 541 4752 7
559 4696 737 4751 Heindorfius
755 4694 851 4748 scribit
869 4707 903 4748 et.
