4142 5659
500 669 541 733 86
711 667 747 721 Μ,
764 666 933 721 CORNELII
950 665 1165 721 FRCNTONIS‘
1177 665 1435 721 EPISTULARUM

500 839 631 923 gloriae,
664 839 808 902 dolorum
834 859 909 902 vero
936 841 968 901 et
997 839 1236 922 aegritudinum
1258 837 1424 920 aliquanto
1451 837 1524 920 plus
1551 860 1649 920 quam

500 942 584 1004 satis·
594 962 760 1024 superque.
797 940 898 1003 Filiae
912 962 1001 1003 meae
1017 941 1106 1004 iussu
1129 943 1184 1003 tuo
1207 939 1351 1030 osculum
1372 938 1449 1003 tuli:
1472 961 1650 1022 numquam

499 1041 579 1105 mihi
601 1045 669 1105 tam
690 1043 795 1105 suavis
818 1046 947 1125 tamque
976 1043 1100 1105 saviata
1121 1043 1190 1105 visa
1214 1039 1298 1129 [esth
1328 1040 1502 1105 Dominam
1530 1041 1647 1124 saluta,

500 1142 637 1207 Domine
660 1143 852 1207 dulcissime.
896 1143 978 1208 Vale
1001 1147 1034 1207 et
1056 1143 1106 1207 fer
1128 1143 1271 1206 osculum
1294 1145 1460 1207 matronae
1483 1147 1567 1207 tuae.

797 1313 970 1379 xxxiv.
994 1313 1052 1378 ro.
1085 1313 1237 1378 nomino
1260 1294 1348 1378 ndo.

585 1449 719 1514 Saenius
741 1449 956 1532 Pompeianus
984 1450 1020 1513 in
1053 1449 1200 1533 plurimis
1229 1449 1333 1512 causis
1360 1471 1379 1511 a
1406 1470 1457 1512 me
1485 1449 1647 1533 defensus,

499 1555 669 1636 postquam
690 1549 854 1634 publicum
882 1550 1013 1614 Africae
1036 1551 1181 1633 redemit,
1205 1550 1352 1634 plurimis
1375 1550 1479 1614 causis
1505 1572 1574 1614 rem
1601 1552 1649 1614 fa-

499 1653 656 1716 miliarem
685 1655 828 1716 nostram
854 1652 993 1716 adiuvat.
1040 1651 1235 1717 Commendo
1258 1674 1330 1716 eum
1356 1652 1427 1734 tibi,
1465 1674 1536 1715 cum
1564 1655 1649 1716 ratio

454 1811 456 1815 .
500 1755 567 1818 eius
601 1777 620 1816 a
646 1753 785 1817 Domino
816 1757 927 1817 nostro
960 1758 1052 1837 patre
1086 1757 1142 1818 tuo
1175 1754 1377 1835 tractavitur,
1409 1754 1648 1838 benignitatem

499 1854 680 1940 ingenitam
701 1855 772 1937 tibi,
796 1876 893 1937 quam
915 1855 1063 1919 omnibus
1086 1877 1125 1918 ex
1147 1877 1234 1918 more
1257 1856 1330 1918 tuo¹
1355 1856 1482 1937 tribuis,
1514 1858 1551 1917 ut
1571 1854 1648 1918 huic
1748 1929 1760 1942 .

500 1959 532 2020 et
554 1977 625 2018 mea
649 1957 923 2020 commendatione
950 1960 982 2020 et
1004 1959 1061 2020 tua
1084 1956 1314 2020 consuetudine
1343 1957 1457 2020 ductus
1479 1957 1646 2047 inpertias.

498 2057 580 2123 Vale
602 2057 739 2122 Domine
762 2058 953 2122 dulcissime.

815 2226 968 2293 XXXV.
991 2227 1049 2294 50.
1078 2226 1323 2311 Rescriptum.

583 2364 798 2448 Pompeianus
821 2364 944 2427 meritis
966 2364 1078 2446 isdem,
1102 2364 1217 2446 quibus
1239 2369 1271 2428 te
1294 2365 1356 2428 sibi
1378 2364 1572 2447 conciliavit,
1597 2388 1648 2429 me

499 2488 624 2550 quoque
646 2465 831 2549 promeruit.
870 2464 974 2540 Quare
998 2466 1091 2548 cupio
1113 2467 1222 2529 omnia
1244 2468 1273 2530 ei
1296 2450 1562 2550 ex'indulgentia
1584 2466 1647 2531 Do-

499 2567 579 2630 mini
601 2569 663 2630 mei
686 2567 788 2650 patris
811 2566 1037 2630 obsecundare.
1067 2566 1153 2630 Nam
1175 2590 1222 2651 ea,
1247 2590 1328 2651 quae
1350 2568 1412 2632 tihi
1427 2590 1470 2643 eu¹
1484 2569 1649 2632 sententia
1733 2548 1748 2563 “

499 2669 687 2752 procedunt,
712 2668 830 2752 gaudia
853 2671 929 2732 sunt
950 2690 1030 2731 mea.
1061 2667 1142 2732 Vale
1164 2669 1209 2731 mi
1231 2670 1386 2753 magister
1407 2669 1646 2733 iucundissime.

500 2769 655 2834 Faustina
678 2774 710 2834 et
732 2770 881 2853 parvolae
904 2773 1033 2834 nostrae
1055 2774 1088 2835 te
1111 2771 1264 2834 salutant.

790 2939 963 3006 XXXVI.
986 2939 1044 3005 51.
1076 2940 1248 3022 Magmtro
1270 2940 1358 3020 Meo.

586 3075 619 3140 si
646 3079 678 3141 te
706 3077 741 3140 in
768 3076 949 3160 provincia,
984 3077 1028 3139 mi
1062 3077 1232 3160 magister,
1273 3075 1389 3139 adierit
1415 3076 1648 3140 Themistocles

499 3179 639 3263 quidam,
669 3179 723 3263 qui
746 3200 779 3242 se
803 3178 975 3262 Apollonio
997 3177 1153 3262 magistro
1171 3176 1196 3261 l²
1211 3199 1281 3240 meo
1311 3177 1398 3241 dicat
1425 3176 1648 3261 philosophiae
1721 3212 1726 3222 .

501 3281 677 3365 cognitum,
702 3302 774 3344 eum
798 3280 884 3343 esse3
913 3280 967 3363 qui
995 3278 1057 3342 hac
1079 3278 1184 3342 hieme
1206 3278 1343 3342 Romam
1365 3280 1491 3342 venerit
1513 3279 1648 3343 etmihi

500 3382 685 3446 voluntate⁴
714 3381 862 3466 magistri
885 3402 943 3464 per
970 3379 1073 3442 filium
1096 3379 1304 3463 Apollonium
1328 3381 1370 3443 sit
1392 3382 1646 3445 demonstratus:

501 3484 528 3546 ei
551 3487 598 3564 tu,
621 3483 666 3545 mi
688 3483 853 3566 magister,
879 3481 973 3544 velim
996 3481 1079 3564 quod
1101 3483 1205 3564 possis
1227 3482 1309 3545 bene
1331 3482 1443 3563 facias,
1471 3483 1553 3546 bene
1576 3506 1647 3546 sua-

501 3585 584 3660 deas.
630 3583 787 3647 Nomius
815 3585 847 3645 et
875 3604 1009 3666 aequom
1039 3583 1186 3646 omnibus
1215 3584 1384 3647 Asianeis⁵
1414 3584 1474 3647 erit
1503 3585 1587 3668 apud
1615 3587 1647 3648 te
1700 3572 1706 3577 ¹

500 3685 754 3769 paratisSImum:
777 3685 832 3748 sed
856 3684 1034 3765 consilium,
1060 3685 1253 3768 comitatem,
1277 3706 1420 3768 quaeque
1444 3686 1555 3750 amicis
1578 3686 1647 3749 sine

499 3787 565 3850 ullo
587 3786 797 3870 quoiusquam
819 3786 1019 3850 incommodo
1042 3787 1191 3870 propria6
1213 3787 1368 3871 inpertire
1383 3787 1461 3850 fides
1477 3810 1515 3851 ac
1533 3787 1647 3871 religio

500 3886 699 3971 proconsulis
721 3886 889 3971 permittit,
914 3890 989 3970 peto
1008 3887 1216 3952 Themistocli
1238 3888 1343 3951 libens
1365 3888 1541 3971 impertias.
1565 3888 1647 3953 Vale

500 3989 545 4052 mi
567 3989 794 4053 iucundissime
816 3989 980 4073 magister.
1025 3989 1195 4078 Rescripto
1217 3989 1300 4052 nihil
1321 4012 1400 4073 opus
1424 3994 1482 4053 est.

587 4216 600 4263 1
620 4208 714 4264 Codex
731 4228 772 4278 pr.
792 4217 828 4263 m.
848 4221 953 4265 mortuo.
1190 4254 1196 4272 s

586 4301 601 4348 2
619 4293 720 4363 Incipit
739 4295 993 4365 Cod.Vat.p.104.
1021 4296 1063 4348 De
1075 4294 1223 4364 Apollonio
1243 4294 1430 4349 Chalcedonio
1448 4297 1481 4350 cf.
1497 4294 1645 4364 Capitolio.

501 4380 529 4432 in
547 4379 596 4434 Pio
616 4398 638 4433 c.
654 4379 843 4434 loinMarco
863 4398 884 4433 c.
899 4386 923 4433 2.
938 4387 961 4433 3.
981 4378 1102 4432 inVero
1121 4396 1143 4432 c.
1157 4387 1180 4432 2.

586 4472 602 4518 3
621 4463 725 4518 Codex:
743 4484 807 4521 sese.
845 4462 971 4518 Correxit
988 4461 1084 4516 Maius.

586 4555 601 4601 4
621 4547 725 4602 Codex:
745 4555 882 4616 voluptate.
919 4547 1047 4602 Correxit
1063 4548 1160 4602 Maius.

511 4687 513 4692 ,
587 4641 602 4686 5
619 4632 695 4700 Ergo
713 4633 779 4686 Asia
797 4632 939 4702 provincia
957 4633 1092 4687 Frontoni
1110 4634 1233 4703 regenda
1251 4635 1371 4689 obvenit.
1409 4640 1504 4692 Maius.

586 4716 686 4770 oCod.
706 4735 758 4771 soc.
778 4736 814 4770 111.
831 4723 950 4786 proprio.
