4142 5659
772 988 828 1067 M.
852 985 1173 1067 FRONTONIS

718 1134 719 1137 ‘
900 1155 1060 1228 aaron,

489 1322 590 1386 Arion
625 1321 769 1402 Lesbius,
804 1320 938 1404 proinde
971 1321 1055 1403 quod
1089 1319 1284 1384 Graecorum
1310 1323 1463 1386 memoria
1491 1326 1550 1403 est,

405 1423 530 1487 cithara
557 1426 590 1486 et
618 1421 822 1514 dithyrambo
849 1422 986 1505 primus,
1017 1420 1182 1504 Corintho,
1218 1421 1271 1485 ubi
1300 1422 1469 1506 frequens¹
1503 1426 1551 1488 in-

405 1525 545 1606 colebat,
581 1525 756 1587 secundum
783 1525 952 1606 quaestum
978 1523 1152 1606 profectus,
1186 1524 1314 1607 magnis
1347 1525 1467 1588 divitiis
1494 1548 1552 1609 per

403 1647 494 1689 oram
529 1624 658 1689 Siciliae
687 1628 783 1708 atque
816 1623 931 1687 ltaliae
965 1625 1087 1707 paratis
1119 1623 1309 1688 Corinthum
1335 1625 1476 1690 Tarento
1504 1649 1551 1689 re-

403 1727 496 1811 gredi
519 1727 666 1810 parabat.
688 1713 812 1789 =Socios
834 1726 960 1789 navalis
984 1725 1167 1791 Corinthios
1189 1727 1391 1809 potissimum
1414 1728 1550 1813 delegit3

405 1848 514 1892 eorum
542 1850 658 1892 navem
686 1828 838 1890 audacter
865 1849 900 1891 re
932 1827 1018 1890 bona
1039 1827 1197 1890 maxime²
1228 1832 1352 1892 onerat.
1397 1829 1488 1893 Nave
1515 1831 1550 1893 in

404 1930 504 1993 altum
531 1932 683 2013 provecta
711 1930 863 2012 cognovit
891 1930 1009 2011 socios,
1040 1929 1114 2013 qui3
1136 1928 1307 2013 veherent,
1339 1931 1470 2014 cupidos
1495 1953 1550 2015 po-

402 2032 457 2094 tiri
465 2033 487 2113 ⁴,
518 2052 631 2094 necem
659 2030 720 2093 sibi
747 2029 938 2094 machinari.
982 2030 1047 2095 Eos
1075 2031 1244 2114 praecibus
1271 2031 1408 2115 fatigat,
1438 2055 1549 2095 aurum

403 2135 515 2196 omne⁵
538 2131 600 2194 sibi
622 2132 795 2214 haberent,
819 2154 918 2195 unam
940 2133 1000 2195 sibi
1023 2132 1165 2195 animam
1186 2133 1340 2197 sinerent.
1375 2133 1547 2217 Postquam

401 2234 434 2296 id
456 2234 577 2297 frustra
606 2232 721 2315 Norat,
752 2233 848 2296 aliam
875 2237 986 2296 tamen
1013 2233 1141 2296 veniam
1168 2234 1370 2316 impetravit,
1399 2236 1434 2297 in
1461 2235 1548 2298 exitu

402 2337 487 2399 vitae
509 2337 666 2418 quantum
688 2335 815 2417 posset⁷
840 2337 995 2398 cantaret.
1040 2333 1078 2397 Id
1105 2336 1282 2416 praedones
1311 2336 1346 2398 in
1373 2335 1463 2399 lucro
1493 2337 1547 2398 du-

403 2458 483 2518 cere,
511 2438 640 2519 praeter
670 2434 773 2518 spolia
800 2457 959 2499 summum
986 2435 1142 2499 artificem
1171 2437 1291 2518 audire,
1321 2437 1410 2500 cuius
1438 2458 1548 2500 vocem

401 2545 568 2621 praeterea
590 2557 684 2600 nemo
706 2559 858 2620 umquam
879 2540 953 2620 post
980 2536 1036 2599 illa
1060 2537 1300 2600 autscultaretl.
1344 2537 1403 2601 Ille
1425 2541 1548 2602 vestem

401 2639 506 2701 induit
529 2659 605 2701 auro
628 2639 787 2701 intextam
814 2639 955 2721 itemque
983 2637 1141 2702 citharam
1168 2639 1341 2722 insignem.
1386 2639 1468 2702 Tum
1490 2661 1548 2723 pro

401 2740 501 2823 puppi
530 2741 641 2822 aperto
669 2739 806 2803 maxime
830 2743 925 2822 atque
953 2739 1039 2802 edito
1060 2739 1130 2802 loco
1159 2740 1321 2822 constitit,
1351 2741 1445 2804 sociis
1473 2741 1548 2803 inde

402 2839 547 2903 consulto
569 2861 626 2924 per
648 2862 764 2904 navem
788 2840 947 2904 ceteram⁹
971 2840 1133 2923 dispersis,
1170 2840 1221 2903 lbi
1244 2841 1346 2904 Arion
1369 2842 1473 2904 studio
1499 2842 1547 2904 in-

401 2963 500 3024 penso
524 2944 655 3004 cantare
678 2941 802 3004 orditur
823 2941 947 3005 scilicet
968 2941 1050 3004 mari
1073 2945 1105 3003 et
1128 2941 1216 3004 caelo
1239 2942 1318 3005 artis
1341 2965 1416 3005 suae
1439 2963 1546 3025 supre-

400 3065 488 3106 mum
511 3046 878 3106 commemoramentum.
920 3041 1079 3106 Carminis
1101 3041 1166 3104 fine
1189 3064 1261 3106 cum
1283 3044 1379 3107 verbo
1401 3044 1437 3106 in
1458 3064 1545 3105 mare

401 3144 521 3208 desilit:
550 3143 721 3227 delphinus
750 3144 884 3227 excipit,
915 3143 1083 3206 sublimem
1106 3142 1225 3225 avehit,
1254 3145 1329 3208 navi
1357 3145 1544 3227 praevortit,

401 3245 546 3309 Taenaro
569 3246 710 3328 exponit,
735 3248 892 3329 quantum
907 3243 1060 3327 delphino
1074 3244 1126 3308 fas
1148 3248 1227 3327 erat,
1252 3245 1286 3308 in
1306 3246 1425 3308 extimo
1440 3245 1543 3309 litore.

401 3348 503 3410 Arion
535 3347 610 3410 inde
642 3345 832 3410 Corinthum
864 3345 1093 3428 proficiscitur:
1129 3349 1162 3408 et
1194 3345 1289 3409 homo
1317 3351 1350 3410 et
1381 3347 1480 3410 vestis
1513 3351 1546 3410 et

385 3447 525 3534 ,cithara
553 3449 614 3511 ct¹⁰
646 3469 706 3511 vox
735 3448 920 3511 incolumis:
954 3446 1164 3510 Periandrum
1193 3467 1301 3530 regem
1330 3447 1543 3531 Corinthium,

401 3549 450 3612 cui
473 3570 530 3632 per
553 3552 655 3611 artem
684 3550 833 3633 cognitus
856 3551 1068 3631 acceptusque
1097 3549 1151 3611 diu
1178 3549 1300 3630 fuerat,
1330 3548 1468 3612 accedit:
1495 3570 1543 3611 or-

399 3650 507 3734 dine,¹¹
529 3653 686 3713 memorat
708 3672 775 3713 rem
797 3653 923 3734 gestaru
949 3651 985 3712 in
1007 3650 1084 3712 navi
1106 3653 1139 3712 et
1160 3653 1272 3732 postea
1294 3651 1328 3712 in
1343 3651 1434 3714 mari.
1474 3649 1543 3713 Rex

467 3734 491 3766 er

485 3877 498 3922 1
518 3869 598 3923 Cod:
616 3889 732 3939 sequena.

483 3960 498 4006 2
516 3953 613 4008 Potius
630 3959 748 4023 maxima.
786 3958 961 4023 Heindorfiuc.
988 3958 990 3963 '

483 4045 498 4092 3
517 4037 597 4092 Cod:
617 4044 651 4106 ξ,
671 4038 836 4106 compendio
854 4038 883 4091 in
900 4039 953 4093 hoc
972 4038 1074 4092 Codice
1094 4038 1236 4107 singulari.

481 4123 559 4176 ‹lIta
578 4122 678 4175 Codex.
1051 4138 1052 4141 ¹
1144 4133 1146 4135 ’

482 4211 498 4259 ὅ
516 4205 622 4260 Codex:
642 4227 734 4263 omnes.
770 4207 857 4260 Recte
876 4207 965 4261 Maius
984 4229 1064 4262 omne.

481 4295 496 4343 6
514 4290 615 4359 Incipit
635 4290 699 4344 Cod.
717 4310 744 4360 p.
766 4297 821 4344 166.
1120 4353 1127 4356 ,

481 4375 581 4428 ῚΌΟά.
601 4375 692 4444 primo
710 4381 815 4443 possiet,
833 4377 882 4428 sed
900 4377 995 4430 statim
1014 4379 1170 4429 correctum
1185 4381 1276 4442 possit.

480 4463 495 4510 8
515 4457 570 4512 Sed
587 4476 639 4513 sec.
659 4477 695 4512 m.
715 4467 878 4514 auscultaret.

463 4589 464 4592 ,
480 4549 495 4596 9
515 4541 599 4596 Cod.:
618 4547 749 4596 citharam.
786 4544 876 4597 Maius
894 4545 1021 4598 correxit.

464 4615 495 4680 ro
513 4627 600 4679 nudie
617 4627 714 4681 Maius.

464 4716 493 4764 11
513 4711 593 4764 Cod:
613 4717 734 4765 ordinem.
