4142 5659
411 746 415 756 ,
511 698 535 742 X
780 717 787 742 ,
940 671 1222 727 333133311131.

511 851 583 932 ptos
617 847 794 931 glossisque
829 845 995 910 Saxonicis
1027 844 1222 926 illustratos3
1257 844 1315 907 hos
1343 866 1401 927 pro
1429 843 1519 906 varia
1547 865 1657 906 eorum

512 950 706 1033 antiquitate
728 947 779 1011 vel
801 970 819 1009 a
841 947 881 1010 D.
906 946 1103 1011 Columbano
1127 970 1165 1010 ex
1187 946 1361 1028 Hibernia,
1386 946 1436 1008 vel
1460 969 1478 1008 a
1501 945 1657 1010 Oumiano

512 1075 551 1115 ex
573 1051 681 1116 Scotia
704 1050 838 1132 aliisque
861 1049 1012 1133 Anglicis
1034 1048 1201 1111 monachis
1230 1048 1344 1111 allatos
1372 1051 1512 1111 autumo.
1558 1047 1656 1110 Galli-

513 1176 626 1216 canam
649 1151 808 1236 originem
830 1153 1015 1215 monstrant
1037 1149 1103 1214 alii.
1119 1165 1161 1198 -'-
1183 1151 1319 1214 Accedit
1341 1151 1482 1213 maxima
1497 1150 1656 1213 Romano-

431 1326 436 1331 ,
511 1277 582 1317 rum
604 1255 757 1317 librorum
781 1255 872 1336 copia
895 1277 913 1316 a
936 1253 1134 1318 Columbano
1157 1255 1190 1316 31
1212 1252 1358 1316 Bertulfo
1380 1253 1415 1315 in
1437 1252 1583 1315 Romano
1605 1253 1657 1315 iti·
1754 1261 1756 1265 '

511 1378 587 1420 nere
611 1356 755 1438 collecta,
779 1355 831 1420 vel
852 1356 961 1418 oblata
984 1379 1002 1417 a
1024 1355 1195 1438 fratribus3
1218 1356 1252 1418 in
1274 1355 1324 1417 his
1348 1353 1511 1419 Ciceronis
1532 1354 1656 1418 Oratio-

510 1480 589 1522 nmn
612 1457 735 1521 codices
759 1458 820 1520 duo
835 1457 1068 1520 Ambrosianus
1091 1461 1125 1521 et
1144 1457 1369 1537 Taurinensis,
1394 1456 1468 1518 libri
1492 1456 1529 1518 de
1550 1455 1656 1539 Repu-

511 1559 606 1641 blica,
631 1562 727 1641 atque
749 1558 924 1642 Epistolae,
949 1559 1122 1623 Frontonis
1144 1581 1251 1642 opera,
1276 1557 1460 1641 Symmachi
1482 1558 1654 1639 orationes,

512 1660 618 1724 Codex
640 1659 890 1742 Theodosianus,
915 1663 1106 1744 Anonymus
1129 1662 1168 1725 de
1184 1660 1409 1741 Arithmetica,
1434 1660 1551 1742 aliique
1573 1660 1656 1722 bene

510 1762 641 1825 multi.“
690 1754 880 1827 Rectissime
908 1761 1073 1846 Peyronus
1106 1764 1187 1826 vidit
1214 1763 1386 1826 Frontonis
1416 1762 1557 1825 codicem
1585 1784 1656 1846 111311

511 1862 604 1926 Bobii
638 1865 673 1927 in
707 1865 858 1928 coenobio
892 1867 1058 1928 exaratum
1089 1866 1205 1947 fuisse,
1241 1865 1296 1928 sed
1328 1865 1363 1927 in
1391 1863 1487 1926 Italia
1522 1862 1655 1946 alicubi3

510 1968 622 2048 postea
644 1966 809 2049 monachi,
834 1968 1007 2051 ingruente
1029 1967 1193 2049 barbarie,
1219 1969 1252 2030 et
1272 1966 1360 2030 hunc
1383 1968 1415 2028 et
1438 1964 1516 2028 alios
1538 1965 1656 2028 multos

510 2067 754 2150 rescripserunt.
800 2067 860 2143 oui
888 2091 991 2152 nuper
1019 2070 1057 2131 de
1079 2068 1285 2132 Monasteriis
1314 2067 1599 2131 Benedictinorum
1621 2067 1656 2129 in

509 2169 605 2232 Italia
634 2170 717 2254 egit,
751 2170 938 2252 Alphonsus
969 2171 1122 2253 Dantier,
1158 2171 1221 2233 alia
1253 2170 1356 2232 multa
1385 2169 1548 2253 congessit
1574 2190 1656 2251 quac

426 2310 429 2314 -
511 2293 582 2334 cum
604 2271 713 2335 fructu
737 2272 882 2335 conferet
904 2273 957 2355 qui
980 2273 1074 2355 plura
1098 2273 1213 2354 cupiet.
1259 2271 1303 2334 Et
1325 2271 1491 2354 Peyronus
1513 2272 1546 2332 31
1567 2269 1655 2332 Dan-

510 2373 621 2436 tierius
644 2374 760 2436 docent
788 2377 931 2437 veterum
954 2375 1147 2457 scriptorum
1171 2375 1293 2437 codices
1315 2395 1382 2436 11311
1405 2372 1498 2435 Bobii
1520 2372 1656 2454 scriptos

511 2497 589 2557 3333,
613 2476 668 2538 sed
685 2475 813 2539 aliunde
828 2476 1041 2540 bibliothecae
1057 2476 1172 2539 illatos.
1205 2475 1276 2558 Sed,
1294 2475 1491 2538 redeimdum
1506 2476 1592 2538 enim
1607 2477 1657 2538 est
1757 2547 1762 2552 ,

511 2577 550 2638 ad
566 2576 738 2640 Frontonis
755 2578 909 2660 codicem,
933 2581 970 2641 ut
992 2579 1120 2663 integer
1139 2579 1261 2661 prmius
1285 2577 1452 2661 quaternio
1475 2577 1531 2659 sit,
1556 2600 1655 2640 unum

509 2678 622 2740 folium
645 2679 711 2741 sive
734 2679 814 2742 duae
836 2681 978 2763 paginae
999 2680 1079 2755 mihi
1095 2681 1203 2743 deesse
1218 2681 1376 2761 videntur,
1400 2679 1496 2742 titulo
1517 2679 1655 2743 fortasse

510 2780 700 2843 destinatae.
753 2780 870 2844 Statim
903 2782 1018 2864 incipit
1052 2782 1084 2846 S.
1115 2782 1288 2846 Caelestini
1315 2781 1423 2864 Papae
1447 2771 1584 2863 epistola
1615 2782 1655 2844 ad

509 2879 710 2963 Nestorium,
740 2905 820 2964 quac
844 2905 915 2946 cum
938 2885 1051 2967 synodi
1073 2884 1257 2967 Ephesinae
1281 2884 1361 2947 actis
1385 2883 1538 2965 coniungi
1561 2882 1652 2945 solet.

509 2983 635 3065 Pagina
661 2983 699 3045 12
726 2984 888 3066 incipiunt
914 2986 987 3049 illae
1017 2986 1187 3068 epistolae,
1216 3007 1297 3068 quae
1326 2984 1454 3067 Synodo
1482 2983 1654 3048 Chalcedo-

509 3083 603 3155 nensi
630 3083 716 3147 viam
743 3085 910 3150 muniunt:
943 3088 1044 3150 donec
1071 3110 1102 3170 p.
1128 3088 1168 3150 79
1199 3089 1248 3150 331
1276 3086 1434 3149 adlocutio
1463 3085 1584 3168 Synodi
1615 3087 1654 3148 ad

508 3185 704 3268 principem:
741 3190 811 3249 tum
839 3211 870 3271 p.
896 3189 937 3252 94
966 3190 1106 3253 edictum
1139 3189 1270 3271 explicit
1302 3188 1459 3271 principis
1496 3188 1653 3270 synodum

510 3287 739 3351 confirmantis.
770 3287 897 3372 Pagina
914 3291 1041 3353 demum
1056 3290 1098 3354 95
1113 3290 1275 3352 exorditur
1296 3289 1400 3372 prima
1416 3288 1534 3371 Synodi
1558 3289 1652 3370 acti0,

510 3388 598 3450 cuius
626 3374 750 3473 amplus
777 3393 936 3454 tractatus
963 3394 1068 3455 totum
1096 3392 1246 3473 deinceps
1271 3390 1411 3453 codicem
1434 3393 1570 3472 occupat
1603 3413 1653 3452 us-

509 3511 570 3571 que
593 3490 633 3552 ad
655 3513 729 3574 pag.
753 3492 826 3574 286,
851 3515 931 3575 quae
954 3493 1125 3556 voluminis
1149 3495 1291 3555 extrema
1314 3494 1372 3572 331.
1418 3491 1579 3554 Videntur
1601 3492 1653 3554 de-

509 3612 576 3653 esse
603 3591 638 3654 in
666 3592 730 3655 fine
759 3597 911 3675 quattuor
943 3596 1084 3678 paginae
1112 3595 1179 3657 sive
1211 3592 1290 3655 folia
1323 3592 1393 3654 duo
1439 3591 1544 3656 Huius
1578 3592 1653 3656 libri

510 3691 645 3754 alterum
666 3693 829 3776 uolumen,
855 3718 927 3759 cum
948 3697 1023 3760 libri
1045 3695 1220 3758 Bobienses
1244 3692 1514 3776 distraherentur,
1543 3716 1653 3776 perve-

508 3793 559 3855 nit
580 3793 615 3856 in
638 3794 886 3860 Ambrosianam
908 3797 1146 3861 bibliothecam.
1177 3795 1288 3859 Habet
1308 3797 1446 3879 paginas
1466 3796 1529 3859 452
1550 3796 1653 3878 iisque

510 3895 718 3959 continentur
741 3899 868 3962 concilii
891 3900 1034 3962 actiones
1058 3921 1076 3961 a
1099 3898 1204 3980 prima
1227 3897 1382 3981 acephala
1404 3920 1503 3981 usque
1520 3898 1560 3960 ad
1575 3897 1653 3961 XlV

508 4017 574 4059 non
598 3998 767 4080 expletam.
813 3999 859 4064 Ut
880 4000 1029 4063 materies
1054 3985 1238 4082 cohaereat,
1269 4000 1433 4074 sciendum
1462 4001 1510 4062 est
1532 3999 1654 4082 aliquot

508 4098 646 4182 paginas
668 4101 761 4165 initio
784 4102 906 4184 deesse3
930 4105 1008 4185 puto
1030 4102 1129 4165 fuisse
1152 4101 1326 4164 duodecim.
1358 4101 1516 4164 Volumen
1535 4101 1654 4164 desinit

508 4199 543 4261 in
566 4202 670 4264 medio
692 4203 860 4286 vocabulo,
884 4205 992 4287 itaque
1009 4202 1112 4266 Maius
1127 4203 1202 4265 inde
1218 4202 1377 4265 revulsam
1399 4204 1493 4283 putat
1516 4201 1652 4265 actionis

509 4301 587 4365 XIV
609 4307 734 4385 partem
756 4305 927 4388 reliquam,
963 4324 1044 4387 quae
1072 4303 1207 4366 materia
1234 4303 1301 4365 fere
1325 4303 1403 4365 satis
1427 4306 1476 4365 331
1498 4303 1554 4366 uni
1577 4326 1652 4386 qua-

470 4450 471 4456 .
507 4405 659 4468 ternioni.
705 4406 774 4469 lam
797 4406 878 4469 duae
900 4408 1080 4489 postremae
1109 4403 1236 4467 concilii
1265 4405 1407 4466 ‘actiones
1434 4402 1497 4466 XV
1520 4407 1552 4466 31
1573 4403 1652 4467 XVI

509 4528 581 4568 oum
609 4506 730 4590 aliquot
762 4508 928 4592 parergis,
963 4527 1044 4588 quae
1073 4506 1108 4568 in
1140 4505 1301 4588 plerisque
1330 4500 1491 4568 codicibus
1525 4505 1652 4569 subtexi

509 4607 613 4670 solent
635 4609 765 4691 synodo,
788 4612 918 4671 tantum
938 4608 1006 4670 fere
1030 4628 1143 4688 corpus
1167 4606 1323 4689 efficiunt,
1348 4610 1384 4670 ut
1400 4629 1438 4670 ex
1461 4629 1497 4670 eo
1520 4609 1652 4671 tertium

509 4709 676 4792 quoddam,
701 4710 760 4773 etsi
783 4709 925 4790 breviuS,
950 4708 1099 4771 volumen
1123 4708 1253 4772 confieri
1275 4708 1386 4791 possit.
1433 4707 1651 4783 313131111-
