4142 5659
673 683 722 736 AD
740 682 777 736 M.
796 681 1017 736 ANTONINUM
1034 685 1082 735 DE
1101 684 1353 740 onATroulssus.
1526 684 1586 750 155

439 858 472 918 61
494 854 529 917 in
553 853 705 916 lacerata.
751 853 834 916 Item
856 874 911 915 vos
935 903 942 915 .
968 902 975 914 .
1001 903 1006 915 .
1052 851 1165 917 lNune
1188 876 1248 938 ego
1271 855 1416 920 consulto
1438 856 1473 919 in
1494 839 1585 918 fabu-

436 957 479 1019 lis
502 956 600 1018 finem
621 955 724 1037 facio,
749 957 798 1041 ut,
820 954 911 1038 siqua
934 954 1039 1018 aerius
1061 955 1148 1018 dieta
1170 959 1260 1038 sunt,
1286 958 1445 1039 permixta
1467 955 1585 1020 fabulis

437 1056 636 1121 molliantur.

835 1158 879 1222 M.
903 1157 1196 1224 FRONTONIS
1257 1223 1258 1226 ,

863 1607 1167 1614 -—-.--—-—...——-.-
1197 1605 1199 1609 ι

660 1770 730 1854 (M.
754 1772 1026 1854 CORNELII
1049 1775 1370 1857 FRONTONIS

544 1944 609 2017 AD
636 1944 684 2016 Μ.
712 1943 1002 2016 1110111111
1028 1945 1092 2016 nn
1120 1944 1485 2039 ORATIONIBU82.)

643 2080 649 2088 ’
732 2107 928 2195 (antonino
950 2107 1113 2192 Augusto
1135 2076 1299 2195 arona.)

445 2297 585 2311 .....
596 2247 620 2331 13
648 2269 750 2331 pauoa
778 2241 968 2311 subnectam
995 2248 1134 2311 fortasse
1166 2249 1295 2332 inepta,
1331 2248 1451 2332 iniqua.
1502 2249 1588 2312 Nam

442 2349 554 2413 rusus⁴
576 2349 651 2412 faxo
672 2349 864 2434 magistrum
885 2371 936 2412 me
959 2349 1134 2432 experiare.
1170 2349 1283 2434 Neque
1305 2350 1437 2434 ignoras
1460 2373 1587 2414 omnem

442 2451 547 2515 hano⁵
565 2450 793 2534 magistrorum
814 2473 931 2514 vanam
953 2452 1182 2535 propemodum
1205 2455 1238 2515 et
1252 2452 1401 2516 stolidam
1417 2474 1495 2516 esse.
1528 2452 1587 2515 Pa-

441 2575 514 2616 rum
536 2552 736 2636 eloquentiae
745 2554 767 2634 ⁶,
791 2554 824 2615 et
847 2553 1024 2635 sapientiae
1047 2553 1157 2617 nihil⁷.
1196 2554 1292 2618 Feres
1315 2555 1460 2638 profecto
1483 2554 1587 2617 bona8

442 2655 536 2718 venia
558 2658 699 2718 veterem
721 2656 915 2737 potestatem
937 2657 969 2717 et
991 2676 1109 2719 nomen
1132 2656 1278 2740 magistri
1305 2678 1355 2720 me
1378 2659 1587 2740 usurpantem

442 2757 556 2821 denuo.

526 2858 642 2922 Fateor
672 2859 758 2922 enim
764 2908 773 2940 ,
802 2859 886 2942 quod
908 2880 958 2922 res
987 2862 1035 2923 est
1046 2910 1055 2941 ,
1085 2882 1183 2923 unam
1206 2860 1307 2924 solam
1334 2883 1426 2944 posse
1458 2882 1587 2924 oausam

441 2962 599 3042 insidere,
624 2982 686 3043 qua
710 2982 806 3024 eausa
830 2958 975 3023 claudat9
998 2960 1200 3045 aliquantum
1222 2984 1311 3025 amor
1334 2983 1411 3046 erga
1426 2965 1458 3025 te
1481 2983 1586 3025 meus:

441 3063 469 3125 si
492 3061 706 3146 eloquentiam
733 3061 898 3146 neglegas
929 3062 1094 3147 Neglegas
1115 3067 1225 3127 tamen
1247 3085 1329 3126 vero·
1344 3063 1450 3146 potius
1474 3084 1587 3126 censeo

441 3185 538 3248 quam
565 3146 672 3247 prave
691 3161 828 3227 excolas
880 3162 1056 3229 Confusam
1086 3186 1156 3227 earn
1185 3185 1245 3248 ego
1273 3164 1504 3248 eloquentiam,
1535 3186 1586 3228 oa-

321 3295 326 3299 ·
441 3264 656 3329 taohannae¹⁰
672 3265 751 3347 ritu,
776 3265 895 3348 partim
910 3265 1047 3350 igneis¹¹
1065 3267 1202 3330 nucibus
1218 3266 1365 3348 Catonis,
1392 3265 1511 3349 partim
1533 3267 1586 3330 Se·
1665 3342 1668 3346 ι

441 3389 540 3433 nesae
562 3365 711 3431 mollibus
727 3370 759 3431 et
774 3366 974 3432 febriculosis
990 3368 1156 3452 pnmuleis
1172 3369 1315 3451 insitam,
1340 3367 1587 3432 subvertendam

529 3646 541 3692 1
561 3637 684 3705 Sequens
702 3637 841 3693 sententia
857 3638 961 3707 legitur
982 3639 1012 3692 in
1030 3639 1165 3708 margine.

527 3730 543 3777 2
562 3722 648 3776 Tituli
664 3723 745 3791 nulla
759 3725 905 3778 remanent
922 3723 1049 3792 vestigia.

527 3815 543 3862 3
559 3807 661 3876 Incipit
679 3806 745 3862 (lod.
763 3826 791 3876 p.
810 3815 869 3864 382.

526 3898 543 3945 4
561 3892 628 3946 Cod.
648 3909 701 3947 sec.
721 3911 757 3946 m.
776 3913 874 3946 rursus.

425 3997 428 4004 ·
527 3976 671 4031 oExoidit
688 3977 900 4030 substantivum.
933 3977 1022 4033 Maius
1040 3972 1151 4048 supplet
1168 3986 1273 4034 turbam.
1309 3981 1496 4034 Heindorfius:
1519 3987 1588 4035 ordi-

441 4083 497 4116 nem
514 4067 578 4116 huno
600 4068 776 4130 magistrorum
793 4082 882 4116 varrum
893 4093 926 4100 -
938 4074 963 4115 et
981 4071 1098 4118 stolidum
1115 4085 1180 4121 esre.
1204 4065 1334 4119 Orellius:
1354 4071 1479 4119 nationem
1491 4086 1586 4119 vanam.

527 4152 543 4200 6
562 4146 667 4201 Codex:
689 4152 839 4216 eloquentia.
876 4147 1013 4216 Hauptius
1032 4149 1107 4203 delet
1125 4163 1157 4204 et.

528 4238 543 4285 7
561 4230 684 4285 Imitatio
703 4230 839 4298 Sallustii,
857 4233 889 4284 ut
907 4231 1025 4301 saepius.
1049 4284 1052 4290 ,

527 4321 544 4370 8
563 4316 629 4370 Cod.
649 4333 691 4384 pr.
710 4333 745 4370 m.
766 4320 856 4370 buono.

528 4401 615 4454 9Pr0
634 4406 766 4458 claudicet.
802 4406 897 4456 Maius.

511 4492 543 4546 10
561 4484 628 4538 eod.
647 4490 814 4539 carahannae.
848 4485 923 4540 Vera
941 4488 1079 4556 scriptura
1096 4487 1125 4541 in
1143 4491 1278 4557 margine,
1297 4488 1344 4543 ubi
1361 4490 1527 4543 vocabulum
1545 4507 1587 4544 re·

442 4569 555 4639 petitur.
583 4571 615 4623 of.
636 4569 672 4623 ad
689 4570 725 4624 M.
747 4569 824 4625 Caes.
839 4571 873 4624 II.
889 4576 928 4623 14.
951 4571 1089 4640 Hauptius
1107 4572 1215 4627 scribit:
1235 4573 1438 4628 Oonlrrsaneam
1456 4595 1503 4643 epo
1520 4582 1585 4644 eloq.

512 4660 541 4707 11
560 4655 604 4708 lta
623 4654 723 4708 Codex.
749 4656 947 4709 Buttmaunus:
970 4659 1069 4724 lipneis.
1094 4657 1125 4712 Ο.
1144 4657 1257 4711 Iahnius
1274 4660 1303 4711 in
1321 4659 1389 4712 Mus.
1410 4659 1499 4713 Rhen.
1521 4666 1586 4714 1845

442 4757 470 4808 p.
491 4744 540 4792 156
556 4737 714 4809 ingeniose:
738 4746 847 4808 itipnezr.
882 4740 918 4795 at
935 4740 976 4795 ita
992 4740 1049 4796 iam
1068 4741 1195 4796 Orellius.
