4142 5659
522 683 585 745 264
612 674 614 677 ’
649 680 685 733 Μ.
700 677 870 732 CORNELII
888 676 1095 730 FRONTONIS
1113 677 1339 764 FRAGMENTA
1356 676 1541 731 MISCELLA.
1644 627 1648 641 Ι

607 849 724 914 Itidem
746 849 902 932 legendae
918 847 1092 910 Frontonis
1114 847 1348 932 disputationes
1371 849 1456 932 apud
1474 848 1615 912 Gellium
1637 851 1671 913 in

523 952 682 1016 Noctibus
705 936 841 1014 Atticis:
1503 1017 1505 1021 ἲ

607 1053 650 1116 Π.
674 1053 731 1116 26:
755 1051 803 1115 De
819 1051 992 1135 generibus
1015 1051 1157 1116 colorum
1171 1053 1397 1137 vocabulisque
1413 1074 1522 1116 eorum
1539 1053 1672 1119 Graecis

524 1159 556 1220 et
578 1154 718 1236 Latinis3

610 1257 699 1323 XIII.
724 1256 780 1320 28:
803 1253 893 1330 Quod
915 1255 1146 1340 Quadrigarius
1167 1276 1235 1320 cum
1257 1263 1355 1320 mullis
1376 1264 1554 1323 mortalibus
1576 1260 1672 1341 dixit3

524 1359 600 1442 quid
623 1362 655 1422 et
677 1361 834 1442 quantum
856 1358 1007 1436 differret,
1031 1359 1058 1421 si
1081 1358 1213 1421 dixisset
1234 1381 1300 1423 cum
1322 1366 1423 1423 multis
1444 1365 1631 1433 dominicata

610 1459 697 1523 XIX.
723 1461 757 1523 8:
790 1459 845 1523 An
866 1465 1000 1537 bureau,
1030 1466 1163 1537 caelum,
1189 1467 1322 1524 triticum
1344 1461 1482 1543 pluralia
1503 1463 1673 1526 invenian-

525 1561 602 1625 tur?
646 1561 728 1625 Item
751 1567 936 1640 quadratae,
967 1568 1143 1625 inimicitiae
1170 1561 1389 1645 nonnullaque
1417 1567 1587 1646 praeterea
1610 1565 1674 1628 alia

431 1672 439 1681 '
526 1663 684 1727 vocabula
700 1686 742 1726 an
758 1663 916 1747 singulari
931 1683 1064 1726 numero
1081 1663 1343 1746 comperiantur?
1357 1703 1399 1710 —
1414 1664 1478 1728 Ubi
1495 1667 1675 1730 notandum

526 1768 578 1828 est
600 1765 705 1847 ipsum
727 1763 924 1828 Frontonem
951 1771 1086 1829 barenas
1117 1764 1234 1828 dixisse
1262 1765 1297 1827 in
1325 1766 1470 1829 oratione
1497 1788 1596 1849 quam
1623 1768 1674 1831 de-

526 1866 639 1929 scribit
661 1866 705 1929 M.
731 1866 849 1930 Caesar
869 1867 906 1929 in
928 1866 989 1950 Ep.
1013 1866 1039 1929 I.
1064 1867 1100 1949 63

611 1967 700 2032 XIX.
726 1969 780 2032 10:
818 1967 927 2032 Verba
946 1960 1235 2048 praeterpropter,
1266 1969 1300 2031 in
1328 1990 1387 2032 usu
1417 1969 1506 2052 vulgi
1534 1970 1673 2053 prodita,

528 2069 626 2132 etiarn
649 2069 749 2133 Ennii
770 2070 885 2153 fuisse3
1061 2055 1067 2059 .

611 2170 699 2234 XIX.
726 2173 781 2235 13:
819 2170 903 2246 Quos
932 2171 1123 2253 pumiliones
1146 2172 1296 2254 dicimus,
1327 2193 1442 2256 graece
1470 2174 1594 2238 vdvouc
1622 2196 1676 2256 ap-

527 2272 650 2354 pellari.
