4142 5659
514 651 591 696 XXII
949 626 1232 681 PROLEGOMENA.

600 803 759 867 Graecum
782 822 871 884 opuS,
895 798 979 882 quod
1002 798 1309 879 Caesarsignifioat
1331 820 1364 860 se
1380 797 1488 881 legere
1510 798 1603 880 velle,
1628 800 1663 861 in
1702 839 1711 853 ·
1757 878 1759 881 ι

418 984 419 987 ¹
516 904 624 968 codice
652 902 872 966 Frontoniano
903 904 952 964 est
980 899 1123 983 omniurn
1137 890 1338 981 extremum,
1367 920 1483 982 nempe
1512 902 1662 980 ὁέρωτι-

516 1010 571 1072 κὸ(
594 1008 700 1082 λόγος.
745 1002 897 1087 Fingitur
919 1003 1076 1085 scriptum
1105 1023 1173 1065 esse
1204 1002 1244 1064 ad
1265 1023 1408 1085 puerum,
1433 1023 1528 1084 quem
1549 1000 1663 1085 Lysias

516 1107 688 1190 alloquitur
718 1107 753 1168 in
767 1126 817 1168 ea
845 1101 996 1187 epistola,
1025 1126 1121 1187 quarn
1147 1103 1241 1167 Plato
1270 1102 1305 1165 in
1331 1101 1477 1165 Phaedro
1506 1103 1661 1187 exagitat.

475 1218 480 1227 ’
515 1208 576 1271 Fst
598 1207 731 1289 scriptio
758 1207 844 1270 inter
871 1228 991 1288 paucas
1013 1204 1152 1269 insulsa:
1181 1203 1226 1267 M.
1256 1203 1375 1268 Caesar
1402 1208 1512 1267 tamen
1540 1205 1575 1268 in
1598 1206 1663 1288 epi-

516 1309 609 1392 stola,
634 1330 715 1392 quae
737 1309 824 1372 inter
847 1308 986 1372 Graecas
1014 1308 1107 1371 nobis
1136 1306 1273 1389 septima
1301 1310 1361 1389 cst,
1390 1307 1534 1389 impense
1564 1307 1662 1370 admi-
1711 1385 1717 1387 4

515 1415 616 1474 ratur.
660 1410 730 1473 Iam
757 1432 816 1493 per
837 1410 915 1472 duos
938 1431 1064 1474 menses
1094 1432 1112 1471 a
1146 1409 1301 1492 magistro
1325 1408 1446 1491 aberat,
1479 1408 1572 1472 credo
1594 1409 1663 1472 vin-

516 1513 692 1576 demiarum
714 1517 868 1594 tempore,
898 1533 977 1594 quas
1000 1510 1088 1592 Pius,
1117 1533 1136 1572 a
1166 1510 1253 1573 cuius
1275 1510 1376 1573 latere
1398 1533 1572 1594 numquam
1600 1511 1663 1575 dis-

517 1614 660 1696 cedebat,
685 1613 826 1676 studiose
851 1612 1011 1676 celebrare
1034 1612 1168 1675 solebat.

600 1714 670 1778 Iam
693 1714 973 1797 adpropinquabat
995 1718 1140 1796 tempus,
1164 1736 1226 1797 quo
1243 1715 1373 1778 Caesari
1395 1714 1429 1777 in
1441 1717 1556 1778 senatu
1578 1716 1663 1798 patri

516 1816 642 1899 gratiae
665 1816 809 1900 agendae
832 1819 942 1898 erant,
972 1817 1028 1899 qui
1051 1837 1123 1879 eum
1145 1816 1309 1880 consulem
1331 1815 1528 1899 designarat.
1566 1816 1664 1881 Hunc

516 1918 744 2002 magistratum
770 1917 871 2001 gessit
902 1918 957 1980 ΑΟ.
985 1918 1060 1981 140:
1094 1918 1204 2001 itaque
1232 1917 1369 1980 Romam
1397 1918 1512 1996 redux,
1541 1919 1663 1982 ultimis

520 2022 598 2084 anni
621 2021 743 2103 diebus,
774 2020 899 2103 accepit
922 2042 941 2082 a
962 2019 1126 2083 Frontone
1154 2020 1325 2103 litterulas,
1356 2019 1396 2103 V,
1423 2022 1452 2103 1,
1480 2043 1522 2084 ne
1552 2026 1664 2085 noctes

517 2122 632 2187 studiis
656 2123 749 2186 daret
770 2122 825 2185 sed
848 2142 975 2204 somno,
1006 2123 1044 2184 ut
1066 2121 1144 2184 forti
1168 2122 1272 2185 colore
1293 2121 1328 2185 in
1356 2126 1505 2185 senatum
1528 2123 1662 2197 veniret.

516 2224 675 2289 Perbreve
698 2227 748 2288 est
770 2223 915 2288 Caesaris
938 2244 1128 2306 responsum
1150 2222 1191 2305 V,
1214 2224 1245 2286 2.
1291 2223 1420 2287 Interea
1442 2223 1562 2287 Fronto
1592 2225 1664 2289 ado-

452 2312 455 2316 *
517 2326 668 2391 lescentis
691 2326 869 2390 orationem
896 2324 1027 2408 legebat
1056 2328 1089 2387 et
1111 2325 1319 2407 emendabat:
1347 2324 1424 2388 hinc
1452 2348 1525 2388 eum
1555 2331 1665 2390 monet

518 2427 558 2509 V,
582 2429 613 2510 3,
637 2449 678 2491 ne
700 2449 851 2510 umquam
872 2429 984 2489 utatur
1004 2427 1161 2490 vocabulo
1189 2433 1322 2491 dictione
1346 2449 1404 2510 pro
1428 2435 1575 2491 oratione.
1621 2429 1666 2493 Et

518 2551 628 2593 revera
651 2530 813 2592 observari
835 2531 943 2612 potest
964 2527 1043 2590 illud
1066 2528 1190 2611 vitium,
1221 2529 1249 2591 si
1270 2532 1381 2593 tamen
1403 2530 1519 2599 vitium
1541 2534 1601 2612 est,
1629 2531 1665 2594 in

519 2631 612 2712 epist.
646 2629 790 2694 Caesaris
817 2628 876 2711 III,
906 2629 941 2710 2,
972 2650 1068 2711 quam
1101 2651 1198 2712 supra
1229 2631 1379 2694 tractavi.
1424 2629 1515 2705 Quod
1547 2630 1666 2696 Caesar

518 2731 685 2814 respondit
711 2730 752 2813 V,
775 2731 812 2808 4,
841 2730 908 2792 fere
936 2730 1077 2794 interiit:
1112 2753 1180 2795 non
1207 2731 1333 2795 videtur
1360 2731 1481 2796 Fronto
1509 2733 1664 2816 discipulo

518 2833 725 2915 persuasisse.
1063 2855 1066 2859 ·
1541 2904 1545 2910 ,

602 2934 655 2996 Illi
678 2956 762 2997 anno
788 2934 848 2997 140
870 2933 1105 3017 assignaverim
1119 2934 1289 3016 epistolam
1304 2934 1363 3017 III,
1381 2935 1411 3017 9,
1434 2937 1470 2999 in
1489 2959 1552 3020 qua
1566 2935 1665 3001 Fron-

517 3036 604 3098 tonis
626 3035 730 3100 natali
753 3036 803 3098 die
826 3035 1000 3116 discipulus
1022 3038 1099 3097 vota
1121 3035 1267 3118 suscipit,
1291 3057 1350 3117 pro
1373 3037 1488 3118 quibus
1508 3039 1666 3122 magister

449 3179 450 3182 =
518 3137 641 3222 gratias
671 3138 742 3221 agit
768 3136 833 3219 ΙΙΙ,
866 3137 915 3199 10.
962 3134 1114 3219 Sequitur
1145 3135 1319 3201 Frontonis
1353 3139 1490 3220 epistola
1516 3140 1576 3222 ΙΠ,
1614 3142 1663 3223 11,

518 3261 599 3322 quae
622 3243 672 3303 est
694 3239 732 3302 de
756 3238 870 3302 studiis
893 3236 1051 3302 Caesaris
1093 3237 1231 3302 Videtur
1252 3238 1306 3302 hic
1328 3241 1470 3304 nondum
1492 3241 1665 3324 profecisse

518 3344 656 3422 tantum,
676 3340 1003 3424 quantum'magister
1018 3343 1219 3423 speraverat3
1243 3342 1455 3425 commendat,
1479 3346 1516 3406 ut
1531 3343 1665 3406 eandem
1713 3344 1716 3351 ‘

519 3443 716 3505 sententiam
737 3443 787 3505 bis
817 3445 849 3505 et
870 3445 920 3504 ter
944 3444 1122 3504 convertat.
1164 3441 1205 3504 In
1234 3441 1398 3525 Sallustio,
1428 3458 1521 3526 quem
1544 3444 1665 3509 Fronto

519 3543 613 3606 unice
636 3540 828 3624 admiratur,
858 3545 933 3604 sunt
960 3541 1106 3624 perfecta
1134 3544 1280 3626 exempla
1309 3565 1390 3627 quac
1418 3549 1580 3627 sequatur.
1624 3546 1665 3610 In

520 3644 613 3726 epist.
638 3642 697 3724 HI,
725 3643 763 3705 12
786 3644 905 3708 Caesar
927 3643 1101 3725 respondet
1125 3666 1197 3706 cum
1220 3644 1376 3727 adhunc,
1400 3648 1471 3708 tum
1493 3647 1534 3709 ad
1556 3647 1663 3730 aliam,

519 3767 599 3828 quae
621 3745 786 3808 intercidit
809 3745 864 3807 sed
886 3745 981 3827 paulo
1003 3746 1092 3828 prius
1108 3746 1230 3829 scripta
1244 3745 1324 3829 fuit3
1347 3747 1565 3830 profitetnrse
1586 3749 1665 3812 illud

517 3846 675 3930 imprimis
697 3845 806 3929 magni
832 3846 1016 3929 aestimare,
1047 3848 1131 3930 quod
1152 3848 1273 3912 Fronto
1296 3870 1329 3912 se
1352 3850 1465 3913 doceat
1486 3873 1597 3914 verum
1620 3852 1665 3914 di-

520 3970 599 4012 cere.
646 3946 732 4011 Satis
756 3948 906 4011 convenit
928 3947 1090 4031 iudicium,
1115 3949 1198 4032 quod
1223 3948 1403 4032 Imperator
1423 3952 1539 4015 multis
1568 3952 1662 4016 annis

519 4053 592 4133 post
613 4050 653 4112 de
668 4047 830 4111 Frontone
851 4048 937 4132 tulit,
961 4051 1016 4113 sed
1039 4073 1136 4134 quum
1158 4050 1293 4134 videam,
1317 4074 1411 4135 quam
1436 4054 1530 4117 anxie
1545 4055 1666 4119 Fronto

521 4154 622 4233 curet,
646 4171 688 4214 ne
711 4149 786 4233 quid
809 4150 906 4233 dicat,
936 4152 1019 4234 quod
1042 4154 1168 4237 regium
1189 4175 1324 4236 puerum
1345 4154 1470 4218 laedere
1497 4156 1609 4239 possit,
1638 4157 1666 4219 si

519 4253 580 4316 hoc
603 4254 652 4315 est
673 4273 783 4315 verum
805 4252 920 4335 dicere,
944 4276 1015 4317 meo
1037 4254 1106 4317 iure
1122 4253 1256 4318 conficio
1278 4256 1313 4317 in
1336 4257 1409 4319 aula
1424 4255 1666 4321 Antoninorum

519 4354 737 4418 foedissimam
759 4354 899 4438 viguisse
921 4355 1149 4419 adulationem.

604 4455 648 4519 M.
680 4441 798 4521 Caesar
826 4478 897 4519 cum
924 4460 1016 4538 patre
1041 4457 1076 4519 in
1104 4456 1180 4519 villa
1208 4458 1337 4542 aberat,
1374 4480 1445 4521 cum
1474 4460 1665 4544 magistrum

499 4551 675 4641 ¹fatigaret
708 4557 851 4640 epistolis
883 4559 956 4640 plus
989 4579 1085 4640 quam
1118 4558 1334 4642 quotidianis,
1372 4581 1453 4642 quae
1486 4561 1662 4643 perierunt.

520 4657 640 4723 Fronto
663 4659 785 4742 prolixe
808 4659 931 4744 gratias
955 4659 1025 4744 agit
1047 4659 1082 4721 in
1104 4659 1198 4742 epist.
1222 4661 1288 4744 ΙΠ,
1314 4662 1363 4724 13.
1399 4660 1490 4737 Quod
1518 4663 1563 4726 M.
1588 4662 1665 4728 Cae·
