4142 5659
799 1541 1242 1624 PROLEGOMENA.

531 1841 621 1917 Quod
642 1845 786 1905 veterum
802 1844 994 1925 scriptorum
1016 1844 1192 1907 editoribus
1216 1847 1347 1909 concedi
1370 1847 1461 1931 solet,
1486 1852 1523 1912 ut
1546 1871 1596 1912 co·

346 1986 358 2002 1
444 1946 534 2028 piose
557 1945 728 2025 disserant,
752 1966 849 2027 quam
871 1945 1003 2028 egregia
1025 1947 1133 2008 omnia
1149 1946 1215 2008 sint
1231 1947 1267 2009 in
1289 1970 1395 2031 opere,
1420 1951 1505 2033 quod
1527 1972 1596 2013 sus·

446 2047 592 2128 ceperint
615 2046 851 2108 emendandum
873 2048 922 2109 vel
945 2046 1136 2128 ornandum,
1161 2048 1318 2130 equidem,
1343 2050 1418 2112 dum
1440 2073 1596 2133 1111111-

445 2150 495 2210 111
517 2148 645 2211 modum
668 2147 701 2209 id
723 2147 791 2229 fiat,
816 2168 881 2209 non
904 2147 1103 2229 reprehendo
1118 2151 1151 2211 et
1173 2148 1294 2232 aliquid
1316 2150 1457 2213 dandum
1481 2173 1596 2215 censeo

346 2291 348 2293 -
443 2250 528 2312 iusto
550 2251 722 2331 parentum
745 2248 855 2328 amori,
879 2249 934 2331 qui
955 2248 1128 2312 liberorum
1151 2250 1286 2314 virtutes
1310 2251 1462 2315 extollere
1485 2258 1596 2317 ament

444 2354 478 2414 et
510 2350 662 2414 naevulos
697 2353 753 2412 aut
786 2350 1046 2432 praetervideant
1084 2352 1140 2412 aut
1173 2351 1385 2416 dissimulent.
1445 2355 1592 2418 Abutan-

443 2455 498 2514 tur
523 2452 602 2514 licet
638 2451 776 2514 artificio
804 2452 957 2533 quodam3
992 2453 1026 2513 at
1060 2472 1156 2513 causa
1188 2452 1324 2515 honesta
1353 2450 1403 2518 est
1435 2459 1468 2519 11
1500 2458 1596 2520 venia

445 2553 551 2616 danda
573 2552 650 2633 erit,
675 2553 701 2615 si
723 2552 807 2614 forte
829 2552 1024 2634 perfecerint
1046 2556 1083 2615 ut
1104 2554 1208 2636 magis
1232 2554 1439 2620 innotescant
1461 2558 1595 2640 scripto-

443 2677 510 2736 111,
535 2654 648 2737 quibus
671 2655 801 2734 patroni
823 2653 1014 2716 obvenerint
1036 2656 1069 2717 et
1091 2653 1257 2738 elegantes
1280 2658 1313 2718 et
1334 2657 1506 2741 ingeniosi.

528 2756 642 2838 ltaque
674 2755 812 2817 maxime
845 2753 959 2817 vellem
992 2754 1072 2817 mihi
1106 2757 1313 2840 contigisset,
1347 2759 1431 2840 quod
1463 2760 1593 2843 Angelo

444 2857 541 2940 Mai0,
566 2860 602 2919 ut
623 2879 740 2919 novam
763 2856 936 2918 editionem
958 2856 1117 2938 auspicari
1139 2879 1266 2940 possem
1288 2858 1329 2921 ab
1344 2859 1466 2943 insigni
1489 2860 1593 2943 laude,

444 2981 539 3042 quam
562 2959 683 3021 Fronto
710 2958 796 3021 inter
817 2957 980 3020 Romanos
1008 2960 1151 3021 oratores
1179 2959 1342 3022 meruerit.
1395 2959 1489 3043 Novi,
1519 2962 1617 3044 quid'

444 3061 483 3123 de
516 3061 583 3123 eius
619 3059 799 3122 admirabili
834 3059 1015 3140 eloquentia
1045 3060 1193 3142 aequales
1222 3061 1398 3124 iudicarint
1420 3065 1453 3125 et
1474 3064 1593 3145 posteri

444 3162 541 3225 nimis
562 3161 657 3225 facile
681 3160 890 3241 crediderint,
926 3159 997 3240 sed,
1031 3160 1151 3242 fateor,
1186 3160 1359 3223 Frontonis
1388 3162 1537 3225 flosculos
1561 3166 1594 3226 et

444 3264 605 3346 imagines
629 3266 662 3326 et
682 3263 796 3326 inanes
818 3261 957 3324 tinnitus
984 3281 1051 3323 non
1075 3282 1146 3323 amo
1169 3264 1211 3343 et,
1236 3261 1263 3324 11
1286 3283 1397 3324 verum
1420 3263 1590 3325 dicendum

445 3367 503 3447 est,
529 3368 710 3428 contemno.
755 3363 935 3426 Profuisset
956 3361 1096 3426 hominis
1125 3362 1371 3444 existimationi,
1403 3364 1431 3426 si
1458 3385 1591 3445 operum

443 3466 597 3549 reliquiae
619 3465 814 3529 eeodicibus
836 3464 1054 3549 palimpsestis
1075 3486 1251 3548 numquam
1267 3468 1376 3528 erutae
1398 3465 1537 3528 fuissent
1559 3469 1592 3528 et

443 3568 500 3630 illa
522 3572 586 3650 est,
610 3570 647 3630 ut
668 3567 798 3650 opinor,
829 3589 895 3629 una
917 3568 1061 3630 omnium
1082 3567 1222 3630 virorum
1245 3566 1411 3628 doctorum
1434 3588 1511 3648 vox,
1535 3589 1593 3650 pro

443 3669 610 3751 thesaur0,
647 3690 742 3752 quem
777 3689 869 3731 caeco
898 3667 996 3751 prolis
1026 3689 1132 3730 amore
1160 3666 1265 3741 Maius
1294 3667 1329 3730 in
1358 3668 1431 3730 sinu
1458 3668 1592 3750 foveret,

384 3833 392 3842 ,
444 3793 548 3835 meros
583 3771 737 3834 carbones
772 3791 840 3832 esse
873 3770 1031 3832 inventos.
1077 3768 1180 3842 Quam
1212 3790 1319 3831 rerum
1348 3769 1442 3852 inops
1472 3769 1594 3832 Fronto

444 3874 503 3954 sit,
517 3873 590 3935 >nisi
613 3893 709 3954 opere
731 3871 890 3954 perlecta,
915 3892 1009 3933 nemo
1033 3869 1149 3933 credet.
1189 3868 1377 3933 Sententiae
1399 3892 1503 3953 neque
1527 3892 1592 3933 cre-

444 3974 521 4036 brae
545 3976 577 4037 et
598 3973 725 4056 1111111,
748 3973 906 4054 plurimae
928 3972 1096 4054 imagines,
1122 3971 1176 4033 sed
1194 3969 1336 4033 insulsae
1352 3972 1385 4032 et
1399 3971 1500 4033 nimia
1523 3975 1593 4034 arte

444 4074 623 4158 quaesitae3
656 4074 691 4137 in
719 4074 888 4137 verborum
914 4073 1039 4135 delectu
1060 4071 1174 4155 putida
1196 4071 1366 4155 diligentia
1394 4074 1427 4133 et
1448 4073 1593 4134 veterum

443 4175 678 4257 Romanorum,
704 4176 857 4258 quiante
881 4174 1067 4238 Ciceronem
1089 4173 1280 4254 floruerunt,
1305 4172 1391 4234 haud
1413 4169 1492 4235 satis
1516 4175 1592 4255 apta

443 4277 593 4341 imitatio.
625 4275 715 4351 Quod
731 4276 857 4339 confert
879 4276 919 4338 ad
942 4275 1146 4358 antiquitatis
1168 4275 1328 4357 notitiam,
1351 4273 1455 4355 primo
1477 4273 1593 4336 obtutu

445 4382 531 4442 certe
553 4400 620 4441 non
642 4400 797 4463 magnum
818 4376 954 4440 videtur.
999 4375 1137 4439 Dicendi
1167 4397 1270 4458 genus
1298 4395 1393 4437 nemo
1422 4374 1592 4445 admirabi-

443 4485 507 4562 tur,
532 4501 626 4543 nemo
641 4482 800 4563 sequetur.
832 4477 940 4541 Verba
955 4477 1101 4540 venditat
1115 4480 1148 4540 et
1162 4497 1254 4539 voces
1271 4478 1303 4538 et
1317 4477 1483 4558 praeterea
1497 4474 1590 4539 nihil.

529 4581 593 4644 Η11
619 4582 689 4644 fore
712 4568 857 4663 suspicor
879 4580 934 4662 qui
956 4579 1130 4661 mirentur,
1166 4600 1223 4641 cur
1251 4577 1474 4646 constituerim
1493 4576 1592 4639 talem

443 4685 634 4768 scriptorem
666 4681 866 4766 potissimum
899 4681 1006 4762 edere,
1042 4681 1097 4763 qui
1125 4683 1236 4743 nostra
1265 4701 1342 4742 cura
1369 4681 1403 4741 et
1432 4678 1591 4740 industria

675 4793 680 4800 ,
1346 4779 1388 4843 a*
