4142 5659
504 653 591 700 xmv
938 628 1220 683 Pnonneomm.

505 829 568 889 qua
589 804 693 868 Marci
715 803 781 866 filia
804 805 883 866 1111.
920 801 1033 884 Itaque
1055 800 1145 864 illam
1167 800 1258 863 duxit
1280 799 1315 864 C.
1339 801 1487 865 Aufidius
1510 801 1649 866 Victori-

505 930 566 971 nus
589 907 710 970 duobus
732 906 875 969 tribusve
898 903 991 966 annis
1015 904 1187 984 antequam
1207 901 1242 965 in
1259 901 1466 966 Germaniam
1487 895 1650 986 profectus

506 1012 565 1092 est,
591 1009 675 1072 circa
698 1029 819 1070 annum
843 1007 914 1088 160,
938 1027 1014 1068 nam
1031 1003 1151 1068 bellum
1166 1004 1316 1068 adversus
1333 1003 1444 1068 Cattos
1466 1009 1650 1088 susceptum

506 1113 554 1174 est
577 1111 686 1174 eodem
707 1108 775 1171 fere
796 1112 941 1190 tempore
963 1129 1025 1190 quo
1047 1106 1167 1169 bellum
1189 1105 1340 1170 adversus
1362 1105 1510 1189 Parthos
1535 1129 1650 1190 nempe

507 1211 686 1276 11111162.
731 1209 824 1273 Facit
845 1207 905 1272 hoc
934 1209 973 1271 ad
1000 1209 1221 1292 indagandum
1248 1211 1389 1291 tempus,
1422 1230 1484 1292 quo
1512 1209 1651 1293 scriptae
1736 1203 1740 1217 ¹

506 1318 583 1379 sunt
615 1314 788 1376 Frontonis
818 1311 970 1394 epistolae
1004 1311 1044 1373 ad
1077 1332 1242 1395 generum.
1287 1308 1409 1373 Eadem
1438 1332 1535 1394 opera
1564 1333 1652 1377 nunc

507 1419 635 1480 constat
663 1414 702 1478 de
731 1436 834 1497 anne,
859 1434 921 1497 quo
943 1413 1011 1476 fere
1040 1413 1162 1496 scripta
1190 1415 1239 1475 est
1266 1411 1380 1475 ultima
1409 1401 1545 1494 epistola
1578 1413 1651 1476 libri

506 1517 638 1581 secundi
662 1517 701 1580 ad
724 1516 866 1579 Amicos.
1532 1578 1533 1581 Ἴ

590 1618 630 1681 In
659 1618 752 1700 epist.
782 1617 839 1699 IV,
876 1611 913 1680 11
949 1617 1091 1680 videmus
1124 1616 1302 1680 Domitiam
1333 1616 1423 1683 illam
1451 1616 1651 1699 Faustinam

452 1789 455 1792 ,
508 1743 589 1805 quae
611 1719 714 1782 Marci
729 1719 867 1783 filiarum
889 1721 969 1781 natu
986 1719 1127 1781 maxima
1150 1721 1229 1800 1111,
1253 1718 1396 1802 graviter
1418 1721 1651 1802 aegrotantem.

508 1823 598 1892 Obiit
625 1825 738 1885 1111111
766 1824 887 1904 aetate3
921 1825 954 1884 et
982 1821 1064 1884 aliae
1092 1842 1216 1904 quoque
1249 1820 1351 1883 Marci
1383 1821 1468 1884 filiae
1502 1821 1653 1902 parvulae

507 1926 593 2010 patri
616 1927 745 2006 ereptae
767 1926 852 2006 sunt,
882 1946 959 1986 nam
988 1945 1061 1986 cum
1086 1923 1122 1985 L.
1145 1922 1250 1986 Verus
1273 1944 1358 1986 anno
1383 1922 1443 1985 162
1469 1922 1505 1985 in
1528 1920 1654 2005 Syriam

507 2026 771 2112 proficisceretur,
803 2025 937 2107 Lucilla,
966 2025 1105 2088 filiarum
1134 2047 1212 2108 quas
1241 2028 1319 2088 tuno
1348 2024 1489 2087 habebat
1515 2024 1655 2087 maxima

508 2131 598 2211 natu,
629 2128 772 2191 nondum
802 2127 921 2191 nubilis
954 2127 1082 2191 videtur
1110 2127 1219 2190 fuisse.
1265 2125 1355 2201 Quod
1384 2125 1504 2190 Fronto
1532 2125 1655 2208 prolixe

508 2230 680 2314 respondet
700 2228 736 2293 in
759 2228 894 2314 epistola
916 2227 973 2311 IV,
998 2229 1048 2312 12,
1072 2228 1241 2291 ridiculum
1263 2228 1298 2291 in
1313 2229 1442 2292 modum
1459 2227 1655 2291 calamistra-

509 2336 577 2396 tum
600 2334 659 2395 111

594 2432 774 2518 Epistolam
797 2433 837 2515 V,
861 2434 912 2515 30,
942 2433 977 2496 in
999 2454 1062 2515 qua
1088 2432 1208 2497 Fronto
1232 2432 1360 2498 Caesari
1387 2455 1507 2496 novum
1535 2456 1656 2497 annum

503 2525 652 2600 'faustum
681 2538 713 2598 11
741 2556 926 2618 prosperum
958 2538 1122 2617 precatur,
1156 2535 1321 2599 retulerim
1354 2535 1393 2598 ad
1427 2557 1549 2598 annum
1583 2537 1654 2618 141,

511 2639 585 2722 quia
613 2638 723 2700 Marco
751 2660 817 2700 non
845 2639 895 2700 est
922 2636 986 2700 nisi
1013 2637 1110 2700 unica
1139 2637 1217 2700 filia.
1263 2636 1449 2719 Respondet
1477 2636 1595 2700 Caesar
1620 2639 1656 2701 in

511 2741 603 2823 epist.
633 2739 674 2816 V,
697 2741 749 2803 31.
795 2737 996 2822 Coniungam
1030 2761 1102 2801 cum
1135 2736 1186 2801 his
1214 2738 1359 2802 Caesaris
1393 2739 1562 2821 epistolam
1595 2731 1673 2822 111,ι

514 2843 562 2904 17.
608 2840 647 2904 In
681 2841 749 2903 eius
783 2839 1068 2904 declamationibus
1101 2840 1221 2903 Fronto
1257 2841 1411 2923 quaedam
1447 2841 1655 2923 improbaret,

511 2943 607 3005 sicuti
628 2941 707 3004 fecit
735 2941 770 3004 in
792 2941 954 3025 superiore
977 2963 1101 3025 quoque
1128 2942 1263 3025 epistola
1290 2942 1350 3024 ΙΙΙ,
1386 2942 1435 3024 16,
1464 2964 1657 3025 quamquam

511 3065 598 3106 nunc
642 3043 769 3126 quidem
804 3043 976 3107 Frontonis
1017 3044 1251 3107 admonitiones
1289 3044 1463 3126 perierunt.
1522 3042 1658 3107 Dixerat

512 3145 667 3228 quaedam
691 3144 808 3210 Caesar
829 3146 865 3209 in
887 3148 1019 3228 senatu,
1050 3147 1105 3209 sed
1127 3145 1264 3209 multum
1286 3145 1402 3209 metuit
1425 3168 1466 3209 ne
1488 3168 1658 3229 perperam

512 3247 638 3310 dixerit.
673 3246 774 3311 Simul
808 3269 880 3311 cum
907 3249 1000 3331 epist.
1035 3247 1096 3330 III,
1134 3249 1172 3311 18
1208 3247 1325 3313 Caesar
1352 3247 1490 3310 remittit
1519 3247 1658 3312 Gracchi

512 3349 684 3432 orationes,
709 3371 788 3432 quas
810 3350 967 3433 magister
990 3350 1018 3412 ei
1041 3335 1173 3413 deddrat
1195 3350 1360 3433 legendas.
1406 3348 1518 3412 Brevis
1546 3349 1658 3414 itidem

513 3454 562 3514 est
584 3451 720 3534 epistola
741 3450 801 3533 ΙΙΙ,
828 3451 866 3514 19
889 3450 1033 3515 Caesaris
1065 3451 1103 3513 ad
1132 3450 1328 3514 Frontonem
1356 3450 1460 3515 denuo
1489 3455 1669 3535 aegrotan-'

513 3556 589 3615 11111.
622 3551 804 3634 Epistolam
825 3551 885 3634 Ill,
908 3551 1093 3616 2011111)
1116 3554 1228 3617 scribit
1250 3554 1288 3616 ad
1312 3552 1480 3618 Caesarem
1502 3553 1659 3617 rustican-

512 3656 594 3735 tem3
617 3655 704 3715 totus
728 3655 776 3715 est
797 3653 851 3716 ille
874 3653 909 3718 in
933 3652 1056 3717 Galbae
1085 3654 1284 3718 orationibus
1306 3654 1462 3739 legendis,
1492 3656 1547 3719 sed
1577 3677 1659 3719 eom·
1701 3721 1705 3725 ,

512 3752 620 3836 plures
644 3754 797 3836 epistolae
820 3755 994 3837 perierunt.
1039 3756 1176 3820 Interim
1202 3756 1321 3821 Caesar
1342 3760 1435 3821 tanto
1458 3758 1563 3823 studio
1586 3779 1659 3840 ope-

514 3877 583 3918 ram
605 3855 703 3918 dabat
724 3855 852 3936 litteris,
882 3860 1007 3922 utnon
1035 3857 1115 3921 satis
1138 3859 1242 3922 somni
1266 3863 1395 3943 caperet
1417 3860 1458 3923 ad
1485 3860 1566 3923 vires
1588 3860 1658 3923 refi-

479 3971 483 3977 '
515 3957 654 4021 ciendas.
692 3956 805 4041 ltaque
820 3957 941 4022 Fronto
964 3982 1037 4023 eum
1058 3959 1206 4024 hortatus
1230 3964 1309 4043 erat,
1334 3964 1371 4025 ut
1386 3961 1562 4025 valetudini
1585 3984 1658 4025 con·

354 4122 360 4134 ,
430 4107 432 4111 >
514 4058 646 4142 suleret3
670 4058 711 4121 ad
732 4058 818 4123 hane
841 4061 1010 4143 epistolam
1033 4061 1151 4127 Caesar
1172 4063 1345 4144 respondet
1365 4062 1425 4146 ΙΠ,
1449 4064 1501 4126 21.

598 4160 720 4224 Eodem
747 4184 832 4226 anno
866 4163 986 4246 scripta
1018 4164 1145 4228 videtur
1166 4163 1338 4228 Frontonis
1372 4165 1508 4248 epistola
1535 4165 1575 4246 V,
1604 4165 1656 4229 54.

515 4261 664 4326 Graviter
690 4267 838 4348 aegrotat
864 4287 968 4348 neque
994 4264 1170 4328 Dominum
1192 4288 1284 4329 suurn
1311 4266 1414 4350 natali
1442 4265 1493 4328 die
1519 4265 1658 4331 invisere

514 4364 631 4447 potuit.
676 4364 704 4428 Ε
734 4364 878 4431 Caesaris
901 4368 1058 4449 rescripto
1081 4367 1185 4431 efficio
1207 4367 1381 4431 Frontonis
1410 4367 1494 4430 diem
1516 4368 1659 4431 natalem

513 4466 613 4529 fuisse
635 4467 747 4530 statim
768 4471 842 4551 post
870 4467 1016 4531 Caesaris
1044 4467 1187 4532 natalem
1218 4469 1302 4532 diem
1328 4470 1438 4552 itaque
1466 4469 1516 4532 die
1544 4470 1658 4552 quinto

515 4566 587 4630 Kal.
620 4567 697 4630 Mai.
742 4567 913 4632 Praeterea
946 4571 1022 4632 sunt
1056 4570 1168 4633 breves
1198 4571 1352 4653 epistolae
1379 4569 1420 4653 V,
1444 4569 1496 4634 56.
1519 4571 1571 4635 57.
1600 4572 1658 4654 583

464 4665 467 4670 ’
515 4667 629 4731 ultima
651 4667 766 4733 harum
789 4669 910 4753 scripta
931 4670 996 4735 fuit
1016 4671 1122 4734 media
1143 4671 1257 4755 hieme,
1283 4694 1355 4736 curn
1370 4670 1488 4737 Caesar
1508 4671 1658 4737 Centum-
