4142 5659
517 662 556 723 10
724 659 760 711 M.
781 658 950 712 CORNELII
968 655 1178 711 FRONTONIS
1194 657 1450 712 EPISTULARUM

515 829 595 894 ὕοι]1
619 831 694 914 quid
717 851 846 892 somnus
869 829 970 892 feeit?

689 981 691 985 -
752 934 850 1011 βουλὴ
875 934 911 1017 οὲ
932 934 1010 1010 κακὴ
1033 931 1157 1010 νίκηεεν
1180 931 1338 1011 ἑταίρων.

646 1034 741 1098 ἀεκὸν
766 1035 822 1112 μὲν
845 1037 953 1115 λῦεαν,
977 1033 1089 1112 ἄνεμοι
1112 1033 1189 1097 δ’ἐκ
1211 1034 1330 1098 πάντεε
1353 1033 1504 1114 ὄρουεαν,

639 1136 716 1199 τοὺ(
738 1136 766 1198 δ’
781 1134 853 1213 αἶψ’
875 1135 1039 1212 ἁρπάξοτοι
1061 1134 1181 1214 φέρενῖ
1203 1135 1364 1200 πόντονδε
1388 1136 1506 1199 θύελλα

568 1231 573 1248 ’
640 1237 822 1318 κλαίονταε,
846 1237 936 1314 γαίηε
958 1236 1024 1300 ἄπο
1047 1236 1207 1313 πατρίοοε.

513 1353 595 1429 Quid
617 1376 744 1417 rursum
766 1356 845 1436 aput
866 1353 1007 1417 insulam
1028 1352 1255 1417 Trinaoriam?
1305 1364 1310 1372 ’

640 1457 671 1520 οἱ
694 1458 721 1520 δ’
737 1457 799 1534 ἄρα
821 1477 874 1535 μοι
896 1456 1015 1531 γλυκὺν
1039 1456 1143 1520 ὕπνον
1166 1457 1218 1519 ἐπὶ
1242 1458 1446 1536 βλεφάροιειν
1469 1457 1595 1534 ἔχευαν.
1660 1526 1662 1528 ,

640 1559 823 1636 Εὐρύλοχοε
845 1558 873 1620 θ’
888 1556 1023 1635 ἑτάροιο
1047 1561 1142 1635 κακῆς
1164 1558 1313 1637 ἐξήρχετο
1337 1562 1460 1638 βουλῆε.

506 1656 628 1739 Ῥορίοιι
651 1675 705 1738 ubi
767 1718 768 1721 ι
1276 1742 1277 1745 γ

751 1777 888 1842 Ἠελίοιο
913 1777 988 1857 βόα(
1011 1778 1156 1857 καὶίφια
1179 1782 1261 1857 μῆλα

919 1879 1059 1959 ἔεφαξαν
1082 1881 1134 1943 καὶ
1155 1880 1281 1959 ἔοειραν

665 1982 716 2045 καὶ
739 1981 809 2060 μῆρ’
832 1981 907 2059 ἐκάη
931 1983 981 2045 καί
1003 1981 1156 2060 επλάγχν
1179 1982 1346 2046 ἑπάεαντο.

513 2098 596 2174 Quid
617 2102 687 2162 ium
710 2097 914 2182 expergitusss
937 2097 1072 2162 Ulixes‘?

433 2206 435 2213 ’
641 2219 777 2298 οἰμώξας
801 2220 836 2283 οὲ
859 2222 957 2282 θεοῖει
980 2219 1046 2297 μετ’
1069 2217 1251 2282 ἀθανάτοιο
1274 2219 1452 2294 γεγώνευν·

639 2319 658 2398 ἦ
681 2340 719 2399 με
742 2320 813 2398 μάλ’
836 2319 880 2383 είε
903 2319 981 2398 ἄτην
1005 2320 1171 2398 κοιμήεατε
1193 2321 1282 2397 νηλέι
1304 2320 1405 2404 ὕπνῳ.
1468 2393 1472 2399 „

598 2435 735 2500 Somnus
773 2441 881 2499 autem
914 2435 1033 2499 Ulixen
1069 2458 1111 2499 ne
1143 2436 1283 2518 petriam
1319 2437 1448 2520 quidem
1480 2459 1572 2501 suam
1603 2439 1658 2501 diu

513 2540 722 2622 ιιργιιοοοεποί4
744 2538 828 2620 sivit,
853 2538 942 2600 euius

699 2657 769 2721 5καὶ
791 2658 915 2721 καπνὸν
939 2656 1191 2736 ἀποθριάεκοντα
1213 2661 1324 2736 νοῆται

639 2758 676 2839 ἦε
698 2759 788 2838 γαίη(
811 2759 936 2823 θανέειν
960 2758 1105 2837 ἱμείρετο.

511 2876 607 2940 Nune
630 2899 648 2939 ιι
671 2877 799 2939 Laertio
829 2876 868 2939 ad
891 2876 1040 2939 Atridam
1062 2879 1201 2939 transeo
1252 2875 1338 2940 Nam
1365 2877 1445 2941 illud
1472 2879 1655 2964 παεευδίῃθ,

511 2980 595 3062 quod
617 3001 689 3041 eum
712 2979 846 3061 decepit,
872 2978 961 3041 euius
985 3000 1080 3041 eausa
1103 2980 1151 3040 tot
1166 2977 1309 3062 legiones
1326 2978 1515 3062 funduntur,
1539 2980 1657 3064 fugan-

510 3083 574 3164 tur,
599 3103 636 3145 ex
660 3102 771 3143 somno
794 3083 826 3143 ei
848 3103 887 3144 ex
910 3081 1032 3143 somnio
1055 3079 1200 3163 profecto
1222 3081 1333 3143 oritur.

491 3178 492 3181 '
595 3181 707 3264 euim,
732 3204 828 3266 quom
851 3183 1018 3261 ὁποιητήε
1035 3182 1313 3265 Agamemnonem
1336 3182 1456 3267 laudat,
1487 3184 1563 3267 quid
1586 3185 1657 3248 ait?

638 3285 704 3350 ἔνθ’
727 3286 786 3350 οὐκ
809 3285 848 3349 ἂν
873 3285 1020 3364 βρίζοντα
1042 3283 1124 3348 ἴοοιε
1147 3285 1366 3363 Ἀγαμέμνονα
1388 3289 1469 3351 δῖον.

511 3386 603 3469 Quid,
627 3408 724 3470 quom
745 3383 996 3468 repraehendit?

638 3489 677 3551 οὐ
700 3490 759 3565 χρὴ
782 3488 961 3564 παννύχιον
984 3486 1088 3549 εὕδειν
1112 3488 1320 3566 βουληφόρον
1343 3487 1454 3566 ἄνδρα.

510 3586 595 3662 Quos
619 3587 746 3670 quidem
768 3607 876 3650 versus
900 3588 1007 3648 orator
1029 3586 1179 3669 egregius
1201 3586 1300 3651 mire⁸
1323 3590 1484 3671 quondam
1507 3590 1632 3654 evertit.

579 3855 677 3910 lCod.
698 3858 740 3909 Se.

577 3947 592 3994 2
611 3940 677 3994 Cod.
697 3959 739 4010 pr.
759 3958 794 3994 m.
814 3942 924 4008 ἔφερεν.

578 4033 593 4080 3
612 4024 716 4079 Codex:
736 4031 895 4094 οαρενοῦυεγ
917 4025 1018 4080 Maius:
1037 4038 1170 4095 expertos.
1205 4027 1309 4082 Veram
1328 4029 1495 4099 scripturam
1512 4029 1568 4085 iam
1587 4031 1655 4086 divi-

509 4112 611 4164 nareni
627 4110 817 4164 Berolinenses
835 4109 863 4163 in
881 4109 1030 4164 Addendis.

576 4194 654 4249 elta
677 4193 777 4249 Codex.
823 4194 1011 4249 Heindorfius:
1036 4202 1148 4251 interdiu
1171 4217 1311 4264 αρνοεεενε
1334 4205 1399 4254 sivit.
1446 4199 1600 4255 Iooobsius:
1623 4223 1653 4256 ne

508 4285 619 4347 patriam
638 4285 776 4351 quaesitam
795 4285 837 4333 dio
855 4291 1014 4348 agnosceret.

577 4371 592 4418 5
609 4363 711 4433 incipio
728 4363 793 4417 Cod.
813 4365 939 4418 Ambros.
959 4383 986 4433 p.
1001 4372 1041 4419 97.

577 4449 729 4517 6Pr0p¹rer
753 4448 857 4502 Maium
879 4466 978 4504 moneo
1001 4449 1041 4503 sie
1063 4453 1138 4505 reete
1160 4453 1217 4521 legi
1239 4453 1267 4507 in
1291 4454 1403 4521 Codice3
1434 4456 1540 4510 ceteras
1563 4457 1654 4511 varios

508 4532 641 4585 lectiones
659 4531 688 4584 in
706 4533 820 4586 Homeri
838 4533 980 4587 versieulis
999 4550 1055 4587 non
1074 4535 1176 4589 curavi.

577 4622 591 4670 7
611 4615 714 4669 Codex:
734 4623 809 4686 quod.
1132 4625 1134 4629 ’

577 4705 593 4753 8
609 4698 783 4754 Vocabulum
802 4703 879 4758 deest
898 4721 963 4758 eaeo
981 4703 1010 4756 in
1029 4703 1094 4758 edit.
1115 4706 1193 4760 Rom.
1230 4708 1324 4765 Habet
1341 4707 1413 4764 Med.
