4142 5659
502 692 543 762 62
712 691 749 750 Μ.
764 691 933 750 CORNELII
949 691 1158 750 PRONTONIS
1176 689 1432 749 EPISTULARUM

502 870 650 950 temptat,
676 888 775 950 eoque
796 867 903 931 minus
925 867 1131 951 praecipitat3
1165 867 1345 931 diffidentia
1377 867 1523 950 profecto
1552 866 1650 930 audass

503 957 586 1032 ciam
607 968 785 1052 prohibete
830 968 878 1032 At
898 970 953 1033 ubi
976 974 1047 1053 quis
1069 970 1183 1034 leviter
1204 969 1281 1053 quid
1304 969 1471 1053 cognitum
1492 991 1550 1053 pro
1575 991 1649 1032 con·

501 1073 593 1152 perto
607 1071 631 1155 [¹
659 1073 812 1152 ostentat,
839 1070 924 1133 falsa
951 1072 1068 1135 fiducia
1096 1071 1307 1134 multifariam
1329 1071 1459 1135 labitur.
1504 1071 1649 1135 Philoso-

501 1171 596 1253 phiae
619 1193 743 1255 quoque
765 1172 951 1255 disciplinas
974 1173 1066 1234 aiunt
1087 1173 1187 1236 satius
1210 1195 1278 1236 esse
1293 1195 1469 1256 numquam
1487 1173 1647 1256 attigisse,

502 1295 598 1356 quam
619 1272 732 1336 leviter
758 1276 791 1335 et
818 1273 1023 1355 primoribus,
1052 1273 1238 1356 abdicatur,
1269 1274 1364 1337 labiis
1387 1274 1557 1357 delibasse3
1581 1296 1649 1337 eos-

502 1397 563 1458 que
584 1374 752 1459 provenire
774 1374 1051 1457 malitiosissima,
1075 1375 1129 1458 qui
1143 1376 1179 1439 in
1201 1374 1359 1439 vestibulo
1382 1375 1461 1437 artis
1476 1374 1647 1456 obversati,

502 1477 591 1559 prius
618 1477 694 1540 inde
722 1475 900 1539 averterint
931 1498 1027 1559 quam
1056 1477 1331 1560 penetraverintl’.
1376 1475 1499 1539 Tamen
1533 1479 1582 1539 est
1614 1468 1649 1539 in

503 1579 575 1641 aliis
608 1578 731 1641 artibus
763 1578 818 1641 ubi
851 1578 1014 1641 interdurn
1042 1577 1239 1661 delitiscas²‚
1274 1581 1307 1642 et
1334 1579 1456 1660 peritus
1484 1576 1650 1660 paulisper

502 1680 639 1742 habeare
662 1679 746 1762 quod
768 1679 902 1742 nescias
948 1679 987 1742 ln
1014 1679 1120 1742 verbis
1146 1701 1221 1743 vero
1244 1679 1400 1763 eligendis
1430 1678 1649 1742 conlocandis·

502 1780 659 1864 queilico
681 1779 816 1843 dilucet:
852 1802 913 1844 nec
946 1780 1043 1844 verba
1076 1781 1152 1844 dare
1182 1781 1302 1844 diutius
1330 1784 1467 1864 potest⁰‚
1502 1780 1581 1864 quin
1615 1801 1650 1843 se

501 1884 570 1967 ipse
592 1883 714 1946 indicet
734 1882 905 1948 verborum
927 1882 1078 1966 ignarum
1101 1904 1180 1965 esse,
1210 1904 1310 1966 eaque
1331 1883 1415 1945 male
1436 1882 1585 1966 probare,
1616 1885 1650 1944 et

502 1988 622 2049 temere
645 1983 837 2067 existimare,
862 1986 895 2047 et
915 1984 1016 2048 inscie
1040 1987 1250 2067 contrectare,
1274 2005 1378 2067 neque
1400 1984 1529 2047 modum
1543 2005 1649 2067 neque

501 2088 626 2170 pondus
648 2086 736 2151 verbi
757 2087 946 2149 internosse.

587 2187 690 2263 Quam
711 2188 752 2251 ob
774 2210 843 2252 rem
864 2189 929 2251 rari
952 2188 1123 2253 admodum
1145 2193 1288 2253 veterum
1310 2188 1503 2271 scriptorum
1525 2188 1560 2251 in
1576 2210 1650 2251 eum

502 2292 664 2355 laborem³
687 2290 889 2374 studiumque
915 2293 947 2355 et
966 2291 1146 2374 periculum
1172 2290 1271 2354 verba
1299 2289 1525 2353 industriosius
1554 2312 1649 2373 quae—

503 2393 594 2457 rendi
621 2414 690 2456 sese
723 2393 918 2455 commisere.
965 2392 1137 2457 Oratorum
1168 2394 1241 2477 post
1269 2392 1415 2455 homines
1444 2395 1539 2455 natos
1565 2414 1649 2455 unus

503 2494 646 2558 omnium
668 2493 712 2556 M.
729 2492 860 2557 Porcius
884 2493 1013 2578 eiusque
1034 2495 1187 2578 frequens
1215 2496 1355 2557 sectator
1376 2492 1426 2557 C.⁴
1442 2492 1648 2557 Sallustiusd:

503 2599 691 2679 poetarum⁰
718 2596 856 2658 maxime
879 2594 1023 2678 Plautus,
1048 2597 1149 2659 multo
1174 2596 1374 2679 maximeque
1396 2595 1534 2678 Ennius
1564 2617 1649 2659 eum·
1708 2623 1710 2629 .

503 2719 564 2781 que
585 2696 726 2761 studiuse
749 2696 927 2760 aemulatus
949 2696 985 2761 L.
1004 2697 1141 2782 Coelius,
1164 2719 1315 2761 necnon
1337 2696 1479 2760 Naevius
1487 2699 1510 2780 ⁵,
1533 2696 1648 2760 Lucre-

502 2800 578 2882 tius,
602 2798 721 2862 Accius
744 2798 852 2881 etiam,
877 2797 1045 2881 Caecilius,
1068 2798 1222 2862 Laberius
1245 2820 1379 2882 quoque.
1414 2798 1500 2862 Nam
1521 2802 1650 2881 praeter

503 2901 571 2982 hoa,
606 2901 724 2983 partim
757 2901 949 2983 scriptorum
971 2901 1208 2964 animadvertas
1229 2900 1451 2983 particulatim
1478 2899 1648 2984 elegantis
1714 2926 1719 2932 ·

503 3001 643 3065 Novium
665 3005 698 3066 et
719 3002 798 3066 Pom
816 3004 840 3087 ll
855 3003 988 3086 ponium
1005 3004 1039 3065 et
1052 3002 1085 3065 id
1107 3023 1210 3086 genus
1225 3002 1261 3064 in
1275 3001 1400 3064 verbis⁷
1422 3001 1595 3065 rusticanis
1617 3005 1651 3064 et

503 3104 697 3168 iocularibus
725 3127 763 3168 ac
792 3104 994 3187 ridiculariis,
1019 3104 1134 3166 Attam
1160 3104 1196 3167 in
1222 3103 1447 3186 muliebribus,
1478 3102 1650 3168 Sisennam

502 3207 538 3269 in
565 3206 743 3289 lasciviis⁸‚
774 3206 931 3270 Lucilium
951 3207 987 3269 in
1011 3206 1162 3288 cuiusque
1191 3206 1270 3268 artis
1293 3227 1331 3269 ac
1352 3206 1476 3290 negotii
1498 3205 1647 3290 propriis.

588 3393 606 3429 a
623 3380 657 3430 In
675 3381 798 3444 ruurpiue:
816 3374 1002 3458 Diffideutia-
1164 3374 1302 3443 prohibet.

587 3461 606 3514 b
625 3464 659 3514 In
676 3466 800 3528 marpi'ne:
823 3459 1031 3513 Malitiosissimi
1049 3462 1114 3513 sunt
1131 3459 1178 3527 qui
1195 3459 1224 3512 iu
1241 3459 1378 3513 vestibulo
1397 3459 1550 3527 obversati,
1571 3459 1650 3530 prius

415 3604 417 3607 ,
502 3545 568 3598 inde
587 3543 746 3610 averterint,
765 3561 850 3611 quam
867 3544 1084 3613 penetraverint.

589 3645 604 3681 c
622 3633 654 3683 Ia
671 3634 797 3696 mar-piae:
820 3628 852 3681 In
868 3627 960 3681 verbis
979 3627 1114 3697 eligendis
1130 3630 1218 3684 verba
1236 3629 1303 3683 dare
1321 3645 1402 3684 nemo
1415 3630 1522 3698 potest3
1540 3629 1570 3682 in
1588 3630 1649 3684 aliis

503 3715 598 3766 tamen
608 3712 715 3766 artibus
724 3711 1009 3766 interdumdelitiscas
1019 3713 1157 3782 etperitus
1166 3713 1309 3782 paulisper
1317 3713 1439 3768 habeare
1450 3714 1524 3781 quod
1533 3716 1648 3769 nescias.
1662 3745 1665 3749 <

589 3796 658 3851 dln
676 3804 800 3866 marpine:
831 3797 944 3851 Porcius
967 3797 1036 3852 Cato
1063 3817 1133 3852 unus
1160 3798 1282 3852 omnium
1307 3798 1400 3852 verbis
1426 3799 1593 3868 quaerendis
1620 3817 1649 3853 se

505 3881 642 3936 commisit
659 3882 773 3950 eiusque
791 3884 920 3951 frequens
937 3885 1060 3937 sectator
1078 3883 1164 3937 Gaius
1182 3883 1336 3936 Sallustius.

589 3984 604 4021 e
622 3971 655 4021 In
673 3973 797 4036 marpi'ne:
820 3966 872 4031 oui
889 3969 990 4036 poetae
1008 3968 1101 4023 verbis
1119 3968 1292 4022 studuerunt.

590 4161 602 4208 l
622 4154 722 4224 Incipit
741 4154 807 4210 Cod.
826 4154 889 4210 Vat.
909 4163 1008 4225 p.175.

589 4240 667 4294 2111
684 4239 785 4294 Codex.

588 4332 604 4379 3
623 4325 728 4380 Codex:
748 4329 867 4381 ludorum.
1115 4386 1119 4391 ,

588 4410 666 4464 4111
683 4409 711 4463 in
730 4411 860 4464 contextu
879 4409 907 4464 C.
926 4410 955 4463 in
973 4409 1099 4479 margine
1118 4409 1150 4464 G.
1205 4413 1209 4419 ’

589 4500 604 4548 5
622 4494 699 4548 Haec
716 4495 772 4549 tria
788 4495 875 4549 verba
893 4495 973 4549 addit
991 4511 1044 4548 sec.
1063 4513 1099 4547 m.

589 4585 604 4631 6
622 4579 723 4649 incipit
741 4579 808 4633 eod.
826 4578 917 4633 Vatic.
936 4598 964 4648 p.
979 4586 1036 4633 146.

588 4669 603 4717 7
623 4663 740 4717 Orellius
758 4664 794 4718 ad
812 4664 878 4718 Hor.
896 4663 1127 4733 epistiliis:
1147 4668 1278 4731 divertite,
1295 4664 1341 4717 vix
1359 4666 1443 4719 recte.

588 4753 604 4805 8
623 4747 690 4803 cod.
708 4766 761 4803 sec.
780 4766 829 4803 m:
849 4755 961 4804 lascivia.
996 4747 1097 4803 Maius:
1116 4753 1224 4803 1111σί111.
