4142 5659
422 690 424 693 -
514 657 557 723 44
728 658 764 711 Μ.
779 655 949 710 CORNELII
965 654 1173 709 FRONTONIS
1191 617 1448 710 EPISTULARUM
1470 614 1473 619 ·

514 831 579 893 tuis
601 829 742 892 moribus
764 828 945 912 indignum,
970 827 1103 912 negotio
1124 826 1269 909 inutile¹‚
1300 827 1584 892 circumstantibus
1612 850 1661 892 re·

515 930 750 1014 praehensibile
772 930 918 993 videatur
939 951 1017 994 esse.
1063 928 1164 994 Vale²
1191 929 1271 993 mihi
1298 929 1419 994 Fronto
1442 931 1605 994 carissime
1628 933 1662 994 et

498 1033 742 1096 'iucundissime
764 1031 852 1094 mihi.

904 1202 966 1268 Vl.
999 1147 1261 1268 Dominolleo.

598 1337 650 1401 Ita
671 1327 805 1420 faciam,
835 1338 987 1420 Domine,
1017 1343 1104 1421 quod
1130 1344 1173 1402 ud
1199 1337 1278 1402 haec
1305 1339 1472 1429 nomina³‚
1509 1339 1593 1425 quod
1620 1341 1662 1404 ad
1713 1408 1721 1420 ,Ἰ

514 1441 614 1504 vitam
637 1443 673 1502 ut
694 1443 727 1504 te
749 1439 831 1503 velle
852 1438 1061 1503 intellexero⁴
1086 1490 1092 1501 .
1119 1489 1125 1501 .
1149 1439 1283 1521 faciam3
1305 1442 1400 1523 teque
1422 1463 1478 1505 oro
1494 1444 1527 1505 et
1542 1464 1661 1525 quaeso

514 1564 556 1606 ne
577 1564 729 1626 umquam
757 1542 842 1624 quod
869 1563 887 1604 a
914 1562 965 1604 me
992 1540 1063 1604 fieri
1091 1540 1227 1604 volueris
1319 1591 1325 1604 .
1356 1543 1411 1606 sed
1439 1546 1477 1606 ut
1503 1566 1592 1608 nunc
1617 1595 1623 1606 .
1651 1594 1658 1606 .

515 1642 638 1726 suades,
662 1645 709 1707 ita
734 1695 741 1708 .
767 1693 774 1705 .
799 1664 982 1736 eumquam
999 1641 1149 1705 adversus
1164 1642 1364 1707 voluntatem
1384 1647 1474 1707 tuam
1488 1645 1662 1729 quiequam
1763 1667 1767 1671 ·

514 1745 697 1829 incipiam..
739 1745 852 1809 Malim
888 1744 1007 1808 etiam⁵
1104 1794 1110 1806 .
1137 1794 1143 1806 .
1171 1795 1177 1806 .
1209 1766 1305 1808 causa
1337 1748 1429 1827 sunt,
1468 1746 1661 1830 singillatim

514 1849 599 1909 sunt.
645 1845 690 1910 Ut
718 1846 879 1912 Ciceronis
901 1846 1030 1909 modum
1052 1846 1262 1929 proferamus.
1318 1847 1405 1910 Nam
1436 1870 1508 1911 eum
1529 1847 1565 1912 in
1587 1850 1661 1912 tan-

513 1947 635 2010 tulum⁶
650 1949 701 2011 id⁷
725 1947 905 2012 consultum
922 1949 1043 2031 cogunt
1065 1968 1158 2010 versu
1179 1949 1282 2031 cupi0‚
1306 1949 1497 2031 praesertim
1512 1951 1574 2033 qu⁸
1599 1999 1605 2012 .
1626 2000 1659 2012 ..

515 2051 569 2113 sed
591 2072 703 2133 pugna
725 2051 768 2114 mi
794 2101 800 2112 .
827 2100 833 2112 .
857 2050 918 2113 hoc
939 2048 1032 2111 modo
1055 2049 1194 2132 transigi
1222 2049 1334 2132 possit.
1380 2049 1500 2125 Quodsi
1527 2071 1661 2135 agemus

513 2153 677 2234 perpetuis
705 2151 919 2232 orationibus,
954 2151 1031 2214 licet
1059 2153 1150 2213 extra
1185 2172 1315 2214 eausam
1347 2151 1430 2214 nihil
1460 2152 1659 2237 progrediar,

513 2258 622 2317 tamen
640 2255 665 2339 ll
681 2257 713 2317 et
735 2253 834 2316 oculis
858 2252 1032 2316 acrioribus
1062 2253 1094 2314 et
1116 2272 1192 2315 voce
1214 2251 1397 2317 vehementi
1420 2256 1452 2316 et
1466 2255 1572 2317 verbis
1588 2276 1661 2338 gra-

514 2356 606 2418 vibus
633 2356 788 2418 utendum
814 2406 819 2418 .
848 2405 853 2417 .
887 2357 995 2417 autem
1020 2404 1025 2415 .
1054 2403 1060 2415 .
1085 2353 1162 2417 hinc
1190 2354 1292 2437 digito
1319 2355 1402 2417 irato
1430 2355 1514 2439 quod
1540 2405 1546 2418 .
1573 2405 1579 2418 .
1605 2356 1660 2419 ho-

514 2457 634 2519 minem
654 2459 746 2518 tuum
770 2506 776 2518 .
890 2455 951 2519 Sed
978 2454 1174 2518 difficilest¹⁰
1203 2457 1240 2517 ut
1267 2456 1355 2518 istud
1376 2456 1417 2519 ab
1440 2478 1476 2520 eo
1503 2458 1661 2539 inpetrari

514 2559 628 2640 possit:
664 2557 781 2620 dicitur
815 2557 900 2621 enim
934 2555 1083 2638 cupidine
1117 2557 1234 2640 agendi
1263 2557 1410 2642 flagrare.
1456 2557 1525 2623 Nec
1553 2579 1661 2641 repre·

514 2658 619 2721 hendo
648 2660 757 2721 tamen
785 2679 826 2721 ne
853 2657 914 2721 hoc
942 2658 1070 2741 quidem
1097 2680 1130 2721 se
1155 2709 1161 2719 .
1188 2708 1194 2720 .
1219 2680 1260 2721 ne
1293 2658 1354 2721 tibi
1382 2659 1453 2742 ipsa
1480 2658 1536 2722 illa
1560 2710 1566 2721 .
1594 2710 1600 2723 .
1625 2660 1661 2723 in

516 2781 611 2823 causa
637 2809 643 2821 .
670 2809 677 2822 .
701 2763 740 2822 nt
761 2760 910 2823 infestius
932 2781 991 2843 pro
1016 2809 1022 2822 .
1050 2810 1056 2822 .
1080 2760 1237 2823 videatur.
1283 2759 1403 2823 Vemm
1432 2764 1465 2823 et
1491 2762 1560 2844 ipse
1589 2783 1660 2824 sua-

503 2863 569 2949 ·des
591 2861 739 2944 inprimis
761 2861 836 2923 fidei
858 2861 1050 2943 parendum:
1075 2864 1107 2923 et
1129 2860 1156 2923 si
1179 2862 1275 2923 armis
1298 2861 1348 2924 vel
1368 2861 1540 2944 palestrica
1554 2862 1658 2943 ludar,

485 2984 556 3036 ¹ne
578 2962 636 3025 has
660 2962 787 3045 quidem
815 2961 953 3025 ludicras
977 2962 1224 3026 exercitationes
1251 2963 1321 3026 sine
1351 2964 1557 3027 contentione
1586 2985 1660 3028 con-

514 3065 566 3128 fici
591 3064 684 3147 posse
714 3114 720 3126 .
748 3114 754 3126 .
785 3066 817 3127 et
842 3115 847 3126 .
875 3115 880 3126 .
907 3067 969 3127 et.
997 3114 1002 3126 .
1027 3063 1196 3127 facundior
1221 3115 1226 3126 .
1254 3115 1260 3125 .
1284 3064 1412 3128 laudavi
1440 3064 1565 3129 beatius
1592 3065 1660 3147 opi-

485 3223 489 3230 .
515 3188 587 3229 cum
608 3169 708 3230 tuum.
1166 3153 1168 3155 ¹

883 3351 967 3417 Vll.
1001 3350 1177 3432 Magistro
1199 3351 1287 3417 Meo.

598 3504 700 3579 Quom
721 3506 758 3566 tu
780 3504 915 3587 quiescis
939 3507 971 3567 et
998 3504 1082 3586 quod
1112 3504 1310 3567 commodum
1337 3504 1514 3569 valetudini
1542 3507 1585 3569 sit
1611 3508 1658 3569 fa-

600 3782 612 3826 1
632 3773 721 3828 Maius
738 3773 809 3842 legit
826 3779 911 3828 invite.
947 3773 1074 3827 Correxit
1091 3773 1261 3845 Schopenus.

598 3865 614 3911 2
632 3859 706 3912 Tota
723 3859 792 3912 haee
810 3858 934 3912 clausula
953 3858 1083 3913 scribitur
1101 3876 1154 3913 sec.
1174 3878 1210 3912 m.
1279 3880 1281 3884 ·
1361 3892 1362 3896 =

598 3951 614 3998 3
632 3947 674 3996 An
692 3949 814 3998 erimina?

597 4034 613 4081 4
632 4027 736 4098 Supple
754 4046 839 4080 unum
857 4029 984 4094 verbum;
1003 4030 1046 4083 ita
1063 4030 1092 4083 et
1109 4044 1174 4081 mox
1190 4027 1312 4082 inferius.
1340 4028 1432 4082 Possis
1445 4029 1495 4083 sic:
1514 4041 1541 4082 nt
1560 4042 1584 4084 te
1596 4036 1658 4084 velle

511 4119 673 4178 intellexero,
696 4112 816 4167 libenter
832 4118 934 4180 facium,
962 4125 1035 4183 teque
1058 4134 1105 4167 oro
1124 4124 1149 4167 et
1167 4133 1261 4182 quaeso
1285 4133 1316 4166 ne
1333 4135 1447 4182 nmquam
1468 4135 1494 4183 q.
1512 4135 1529 4167 α
1545 4135 1575 4167 m.
1593 4120 1615 4181 f.
1634 4136 1657 4168 o.

511 4197 637 4262 reticeas,
654 4204 702 4252 ced
718 4209 746 4251 ut
762 4217 828 4251 nunc
845 4197 922 4263 facis,
940 4204 1066 4258 suadeam·
1082 4203 1120 4251 ita
1138 4197 1241 4251 curabo
1260 4218 1291 4252 ne
1308 4220 1422 4268 uniquam
1440 4200 1491 4253 cet.

597 4290 613 4338 5
631 4281 735 4352 Supple
754 4283 823 4336 duos
841 4299 929 4352 prope
947 4299 1050 4335 versus.

569 4433 576 4445 ι
596 4374 611 4420 6
629 4368 759 4422 Fortasse
775 4367 806 4421 in
824 4367 924 4422 Codice
942 4367 1046 4435 legitur
1063 4371 1220 4444 infantulum.

597 4451 696 4505 7Cod.
715 4471 757 4521 pr.
777 4470 813 4505 m.
833 4459 879 4505 vel.

595 4542 611 4590 8
630 4536 681 4590 Hie
699 4537 772 4591 etin
790 4537 968 4604 sequentibus
986 4553 1077 4606 pauca
1094 4537 1181 4591 verba
1199 4537 1400 4592 desiderantur.

596 4627 611 4674 9
629 4620 730 4690 Incipit
748 4620 814 4674 Cod.
834 4621 898 4675 Vat.
915 4640 942 4691 p.
959 4627 1015 4688 116,
1034 4638 1107 4689 quae
1125 4622 1186 4675 tota
1203 4621 1285 4690 nigra
1304 4622 1354 4675 est.

579 4712 611 4758 10
630 4704 696 4759 Cod.
716 4721 768 4758 seo.
788 4724 824 4758 m.
845 4710 950 4772 difficile
969 4716 1015 4758 est.
