4142 5659
763 657 812 710 An
831 657 1053 712 Auronmuu
1071 660 1168 714 rum
1478 665 1537 728 171

393 829 475 891 inter
498 827 578 891 duos
600 828 700 892 bonos
716 823 801 892 viros
815 827 966 891 nonnihil
981 834 1090 893 tamen
1113 830 1246 894 distare:
1270 833 1354 915 quod
1368 837 1538 916 propterea

393 928 519 992 facilius
536 930 618 1012 dico,
642 931 795 1012 quoniam
810 929 911 1012 illum,
937 931 988 994 cui
1005 932 1143 996 amicum
1154 953 1260 996 meum
1276 937 1448 1018 antepono,
1472 957 1538 999 non

393 1031 566 1095 nominavi.
695 1104 699 1112 .
1232 1039 1234 1042 ’

475 1132 642 1196 Postremo
665 1133 781 1215 dicam,
805 1134 963 1216 quomodo
986 1134 1176 1216 simplicitas
1198 1158 1269 1199 mea
1293 1139 1325 1200 et
1346 1137 1465 1201 veritas
1487 1160 1538 1202 me

394 1235 496 1298 dicere
519 1234 709 1298 hortantur¹
732 1237 765 1298 et
786 1235 904 1299 fiducia
927 1236 1045 1298 amoris
1068 1258 1146 1320 erga
1167 1239 1200 1300 te
1222 1241 1296 1321 mei,
1320 1239 1465 1322 profecto
1488 1261 1538 1303 ae-

393 1337 483 1420 quius
507 1357 576 1399 esse
598 1335 690 1399 illum
712 1357 837 1420 quoque
859 1340 991 1420 propter
1013 1359 1064 1399 me
1086 1337 1270 1420 impetrare.

475 1437 638 1501 Memento
667 1438 782 1521 etiam,
816 1438 954 1502 Domine
982 1439 1076 1522 Imp,
1112 1462 1184 1503 cum
1211 1439 1265 1503 ille
1294 1462 1364 1504 meo
1394 1442 1538 1525 exemplo

393 1542 495 1623 petet,
525 1561 575 1602 me
598 1539 729 1602 biennio
751 1539 812 1603 hoc
834 1540 963 1624 petisse.
1009 1530 1116 1624 Igitur
1138 1541 1186 1604 illi
1209 1563 1344 1625 quoque,
1369 1542 1396 1604 si
1419 1543 1537 1606 videbi-

393 1644 454 1724 tur,
479 1643 553 1724 post
574 1640 742 1705 biennium
764 1642 848 1705 dato.
1272 1649 1274 1652 ⁴

476 1741 603 1805 Fecerit
624 1743 770 1826 exemplo
791 1746 918 1826 nostro,
948 1745 975 1806 si
1002 1744 1071 1827 ipse
1098 1766 1223 1828 quoque
1251 1766 1284 1808 se
1306 1745 1365 1807 tibi
1388 1745 1537 1828 impetra-

393 1844 473 1907 verit
499 1844 680 1907 excusare2.

480 2071 492 2116 1
514 2063 619 2117 Codex:
639 2069 758 2117 hortatur
776 2065 805 2117 et
822 2064 940 2118 fortasse
957 2066 1085 2118 hortetur.

477 2156 491 2202 2
511 2147 670 2216 Sequuntur
682 2153 739 2202 tres
751 2152 909 2217 postremae
923 2148 1067 2217 epistolae,
1086 2167 1156 2217 quas
1169 2150 1287 2204 vidimus
1298 2150 1328 2203 in
1337 2150 1438 2205 Indice.
1462 2149 1538 2215 Quae

395 2252 454 2288 cum
473 2232 559 2288 etiam
576 2233 707 2301 legantur
724 2232 753 2285 in
770 2233 842 2288 libro
861 2232 982 2287 secundo
1001 2233 1037 2286 ad
1055 2232 1174 2299 Amicos
1191 2233 1256 2287 illuc
1275 2251 1337 2287 cum
1353 2233 1429 2288 Maio
1447 2234 1538 2299 retuli,

395 2319 535 2387 quianon
558 2317 641 2371 datae
667 2318 731 2370 sunt
754 2317 790 2371 ad
813 2317 984 2371 Antoninum
1005 2317 1094 2370 Pium.
1130 2317 1173 2371 lbi
1190 2317 1277 2387 igitur
1295 2317 1431 2387 adscripsi
1448 2318 1551 2372 varias

394 2402 538 2468 lectiones,
567 2419 635 2470 quas
657 2401 780 2456 invenire
802 2401 897 2471 potuit
919 2419 997 2456 meus
1020 2402 1138 2468 amicus,
1165 2421 1231 2458 nam
1253 2405 1397 2473 postrema
1420 2403 1539 2472 epistola

394 2503 504 2557 prorsus
527 2485 635 2540 interiit
657 2486 686 2540 et
702 2487 825 2540 maxima
842 2505 908 2556 pars
925 2486 1096 2556 penultimae
1116 2487 1257 2557 epistolae.
1294 2489 1326 2541 In
1349 2489 1474 2542 extrema
1490 2505 1539 2557 pa·

395 2573 461 2642 gina
479 2578 537 2638 340,
556 2588 640 2639 quam
658 2572 741 2624 modo
761 2571 902 2641 descripsi,
920 2572 1053 2640 leguntur
1070 2571 1162 2642 prima
1181 2573 1266 2627 verba
1284 2573 1419 2643 epistolae
1432 2578 1538 2641 Lepam,

392 2663 441 2724 fili:
460 2657 613 2723 sequuntur
630 2657 752 2725 paginae
770 2663 819 2711 339
838 2658 867 2710 et
879 2663 937 2723 338,
956 2674 1027 2724 quae
1045 2673 1160 2727 prorsus
1179 2673 1324 2724 evanuere,
1341 2659 1539 2727 praeterquam

395 2742 468 2808 quod
486 2740 516 2794 in
534 2741 623 2794 altera
641 2741 769 2795 columna
785 2759 813 2809 p.
833 2747 882 2795 338
900 2741 989 2795 Maius
1008 2740 1079 2795 vidit
1095 2741 1194 2796 verba:
1225 2747 1290 2811 Lepi
1311 2747 1455 2796 Emendavi.
1493 2741 1539 2796 Se-

395 2825 487 2892 quitur
505 2844 532 2894 p.
553 2828 615 2890 337,
638 2841 709 2891 quae
729 2825 852 2879 continet
869 2824 1060 2894 Epistularum
1083 2826 1119 2879 ad
1136 2825 1247 2880 Amicos
1264 2826 1342 2880 Libri
1363 2826 1448 2896 primi
1465 2825 1538 2880 Indi-

396 2927 466 2976 cam,
494 2907 586 2977 capite
610 2910 781 2962 truncatum:
812 2926 912 2978 nempe
936 2909 1070 2963 excidisse
1089 2909 1218 2964 videntur
1234 2910 1315 2965 initia
1332 2911 1417 2963 trium
1440 2911 1539 2979 episto·

393 2995 490 3048 larum.
527 2993 616 3048 Maius
633 2994 662 3047 in
681 2993 840 3048 ordinandis
861 2993 934 3048 foliis
952 2994 1064 3048 erravit,
