4142 5659
772 663 973 718 EPISTULAE
992 665 1168 720 GRAECAE.
1477 668 1542 732 255

780 834 871 913 VIII.
911 836 1162 919 (’Gowrrr6c.¹)

480 971 521 1034 Ὦ
545 971 617 1052 φίλε
642 973 714 1049 παῖ,
743 971 850 1050 τρίτον
879 973 938 1050 ἤδη
969 988 1017 1035 ςοι
1040 975 1138 1035 τοῦτο
1161 973 1320 1050 περὶτῶν
1344 971 1451 1038 αὐτῶν
1470 974 1541 1038 ἐπι·

395 1075 532 1151 ςτέλλω,
555 1074 592 1136 τό
616 1074 673 1150 μέν
696 1076 827 1150 πρῶτον
851 1074 903 1136 διὰ
919 1073 1033 1137 Λυςίου
1055 1078 1114 1137 τοῦ
1139 1074 1305 1155 Κεφάλου,
1330 1074 1486 1154 δεύτερον
1504 1077 1540 1139 δέ

394 1175 447 1237 διὰ
468 1175 649 1237 Πλάτωνος
671 1173 751 1236 rod2
774 1179 891 1254 ςοφοθ,
914 1175 951 1237 τὸ
974 1176 1009 1237 δέ
1032 1176 1071 1251 δὴ
1095 1174 1202 1253 τρίτον
1226 1175 1279 1237 διὰ
1294 1179 1389 1239 τοῖνδε
1412 1180 1470 1239 τοῦ
1493 1178 1540 1242 Ξέ-

394 1296 455 1339 νου
485 1274 622 1354 ἀνδρός,
656 1277 714 1352 τὴν
742 1277 799 1352 μὲν
828 1277 944 1356 φωνὴν
975 1275 1087 1351 ὀλίγου
1110 1279 1177 1339 δεῖν
1202 1277 1381 1357 βαρβάρου,
1416 1280 1473 1355 τὴν
1504 1281 1539 1342 δὲ
1576 1347 1583 1353 ,

393 1378 536 1454 γνώμην,
561 1376 605 1439 ὡς
629 1377 759 1460 ἐγῷμαι,
784 1377 824 1440 οὐ
847 1377 932 1440 πάνυ
955 1378 1120 1442 ἀξυνέτου.
1159 1378 1276 1458 Γράφω
1299 1381 1335 1441 δέ
1357 1382 1418 1442 νῦν
1442 1380 1538 1444 οὐδέν

393 1500 423 1541 τι
450 1483 518 1542 νῶν
546 1477 707 1556 πρότερον
736 1480 965 1556 γεγραμμένων
995 1465 1238 1560 ἐφαπτόμενος,
1271 1480 1349 1556 μηδὲ
1383 1479 1566 1564 άμελήςῃς,

376 1584 452 1652 Υτοῖν
477 1564 577 1654 λόγου
601 1579 646 1642 ὼς
668 1582 954 1654 παλιλλογοῦντος.
986 1581 1018 1642 Εἰ
1032 1581 1067 1644 δέ
1088 1601 1137 1645 ςοι
1159 1579 1262 1646 δόξει3
1284 1587 1352 1645 των
1375 1583 1537 1660 πρότερον

385 1682 445 1744 διά
468 1679 584 1744 Λυςίου
607 1681 658 1744 ιςαὶ
672 1682 852 1745 Πλάτωνος
868 1681 1112 1758 ἐπεςταλμένων
1127 1681 1229 1744 πλείω
1245 1682 1317 1745 τάδ)
1340 1682 1433 1760 εἶναι,
1457 1684 1537 1748 ἐςτω

394 1802 442 1845 ςοι
464 1783 644 1861 τεκμήριον,
669 1783 712 1845 ὡς
736 1783 856 1857 εὔλογα
878 1781 966 1863 ἀξιῶ,
991 1781 1123 1846 ὅτιούκ
1146 1782 1261 1861 άποριῖι
1284 1783 1402 1860 λόγων.
1432 1787 1537 1864 Προς-

394 1885 480 1962 ε’χοις
503 1885 535 1946 δ’
559 1884 598 1948 ἂν
622 1885 681 1962 ἤδη
703 1885 761 1948 τόν
785 1887 882 1960 νοῦν,
917 1884 942 1946 εἰ
969 1885 1062 1947 ιςαινά
1091 1906 1123 1948 τε
1147 1884 1210 1961 ἅμα
1232 1888 1283 1948 καὶ
1310 1887 1413 1950 δίκαια
1442 1888 1536 1962 λέγω.

477 1987 614 2059 Ἔοικας,
638 1983 747 2066 ὣπαῐ,
772 1986 836 2062 πρὸ
852 1989 910 2049 τοῦ
934 1986 1034 2060 λόγου
1057 1986 1208 2050 πάντως4
1225 1987 1392 2066 βούλεςθαι
1414 1991 1535 2070 μαθεῖν,

393 2087 421 2150 τί
443 2087 566 2164 δήποτέ
585 2086 642 2160 γεῖ
664 2088 704 2164 μὴ
728 2087 813 2163 ἐρῶν
836 2086 900 2170 ἐγω
930 2087 1008 2164 μετὰ
1037 2087 1192 2165 τοςαύτης
1221 2093 1362 2166 ςπουδῆς
1390 2090 1536 2167 γλίχαμαι

392 2190 501 2266 τυχεῖν
525 2188 635 2266 ὧνπερ
659 2187 690 2250 οἱ
711 2187 858 2264 ἐρῶντες.
895 2188 1000 2250 Τοῦτο
1016 2189 1056 2265 δή
1080 2209 1128 2252 ςοι
1151 2189 1265 2269 φράςω
1289 2194 1421 2267 πρῶτον
1445 2190 1536 2253 ὅπως

392 2289 444 2352 τε6
467 2288 540 2367 ἐχει.
585 2289 632 2352 Οὐ
660 2290 703 2366 μὰ
725 2289 791 2352 Δία
818 2290 963 2368 πέφυκεν
979 2289 1075 2367 ,δράν
1098 2290 1254 2367 ὀξύτερον,
1277 2291 1384 2354 οὑτοςὶ
1408 2291 1426 2354 ὁ
1450 2292 1536 2355 πάνυ

394 2391 526 2468 ἐραςτὴς
554 2390 632 2468 ἐμοῦ
655 2394 713 2454 τοῦ
736 2392 776 2469 μὴ
800 2391 958 2472 ἐρῶντος,
989 2390 1064 2455 ἀλλ’
1092 2391 1196 2467 ἔγωγε
1223 2395 1281 2455 τοῦ
1311 2397 1367 2456 ςοῖι
1396 2393 1536 2457 κάλλους

392 2490 557 2569 αίςθομαι7
581 2491 716 2557 οὐδενὸς
744 2491 841 2568 ἦττον
868 2498 936 2557 τῶν
967 2491 1092 2556 ἄλλων·
1129 2493 1282 2571 δυναίμην
1310 2495 1343 2558 δ’
1366 2494 1406 2558 ἂν
1435 2495 1535 2559 εἰπεῖν

393 2593 442 2656 ότι
464 2593 582 2657 τούτου
605 2595 655 2656 καὶ
678 2588 762 2657 πολὺ
786 2593 1019 2673 άκριβέςτερον.
1065 2595 1168 2674 Ὅπερ
1196 2597 1231 2658 δέ
1259 2596 1400 2660 ἐπὶτῶν
1423 2616 1536 2673 πυρετ-

391 2696 517 2759 τόντων
542 2697 592 2759 καὶ
615 2701 680 2759 τῶν
704 2695 747 2758 εἶν’
762 2696 846 2772 μάλα
869 2697 904 2759 ἐν
927 2697 1103 2779 παλαίςτρᾳ
1121 2698 1373 2774 γυμναςαμένων
1396 2697 1534 2778 ὁρῶμεν,

393 2797 452 2861 οὐκ
474 2797 507 2861 ἐξ
530 2797 642 2875 ὁμοίας
671 2797 789 2861 αἰτίας8
812 2797 930 2860 ταύτόν
960 2798 1158 2877 ςυμβαίνειω
1184 2803 1319 2880 διψῶςιν
1350 2798 1452 2879 [μὲν]9
1474 2800 1536 2876 γὰρ

393 2899 411 2962 δ
434 2901 491 2977 μὲν
513 2898 578 2962 ὑπὸ
602 2900 717 2975 νόςου,
750 2899 768 2961 δ
796 2901 831 2962 δέ
854 2898 918 2961 ὑπὸ
941 2903 1137 2977 γυμναςιῶν·
1165 2899 1293 2962 τοιάνδε
1316 2900 1386 2962 τινά
1408 2899 1536 2977 ιςάμοί10

393 3049 734 3064 ............
736 2999 1143 3083 ·............λ“
1183 3000 1289 3064 λειτον
1323 3020 1356 3063 τε
1390 2998 1453 3076 ἅμα
1486 3001 1537 3063 καὶ

393 3102 529 3166 ὄλιςθον.
568 3103 655 3164 Ἀλλ’
679 3101 738 3165 οὐκ
762 3102 867 3179 ἐμοιγε
884 3102 946 3164 ἐπ’
969 3102 1095 3183 ὀλέθρῳ
1117 3101 1238 3178 πρόςει,
1263 3100 1339 3163 οὐδὲ
1361 3101 1412 3163 ἐπὶ
1436 3100 1535 3184 βλάβῃ

391 3205 451 3268 τινὶ
479 3204 652 3281 δμιλήςεις,
686 3202 762 3265 ἀλλ’
790 3203 842 3266 ἐπὶ
870 3204 966 3267 παντὶ
995 3201 1117 3285 ἀγαθῷ.
1165 3202 1219 3263 Καὶ
1247 3200 1453 3280 ὠφελοῦνται
1473 3203 1535 3280 γάρ
1604 3250 1606 3253 -

391 3307 441 3369 καὶ
464 3306 672 3369 διαςώῖονται
696 3304 726 3368 οἱ
748 3306 839 3368 καλοὶ
857 3304 920 3368 ὑπὸ
936 3310 1004 3367 τῶν
1027 3305 1068 3381 μὴ
1093 3303 1245 3380 ἐρώντων
1263 3287 1403 3380 μᾶλλον,
1428 3302 1535 3380 ὥςπερ

391 3408 430 3471 τά
453 3408 539 3488 φυτὰ
567 3405 630 3469 ὑπὸ
653 3409 721 3470 τῶν
744 3405 880 3470 ὑδάτων.
926 3405 972 3469 Οὐ
999 3405 1062 3482 γὰρ
1090 3403 1204 3483 ἐρῶςιν
1233 3404 1307 3468 οὔτε
1336 3405 1433 3481 πηγαὶ
1461 3403 1535 3468 οὔτε

391 3509 531 3585 ποταμοὶ
553 3511 619 3571 τῶν
639 3494 768 3587 φυτῶν,
792 3507 874 3571 ἀλλὰ
897 3507 1068 3584 παριόντες
1091 3504 1178 3569 οὕτω
1201 3507 1239 3582 δὴ
1263 3506 1313 3567 καὶ
1335 3507 1535 3583 παραρρέον-

390 3631 454 3684 τες,
483 3609 592 3674 ἀνθεῖν
620 3608 702 3672 αὐτὰ
729 3610 778 3671 καὶ
806 3609 934 3696 θάλλειν
962 3607 1210 3690 παρεςιςεύαςαν.
1257 3606 1406 3685 Χρήματα
1433 3608 1469 3669 δέ
1497 3607 1537 3670 τά

477 3768 490 3813 1
509 3759 611 3828 incipit
629 3758 695 3812 Cod.
715 3759 841 3812 Ambros.
861 3778 889 3826 p.
910 3766 965 3813 133.

476 3852 491 3898 2
510 3845 554 3898 rra
564 3844 664 3900 Codex.
685 3841 928 3897 OmiseratMaiua
949 3843 1014 3896 Mox
1023 3859 1074 3911 pro
1085 3844 1189 3911 ἐγῷμαι
1198 3841 1288 3896 Maius
1297 3840 1534 3908 οοιίίοίίήγοθμαι.

477 3937 492 3983 3
512 3929 617 3983 Codex:
637 3946 677 3982 ςοι
696 3929 781 3982 δόξαι.

476 4020 492 4066 4
510 4012 616 4067 Codex:
635 4013 794 4066 ΠΑΝΤΟΣ.

476 4102 491 4150 5
509 4095 592 4150 Delct
609 4096 761 4150 Bekkerux
797 4095 953 4150 Iacobsius:
977 4097 1004 4150 τί
1022 4099 1131 4164 δήποτε
1150 4098 1199 4162 ὅγε
1219 4099 1255 4162 μὴ
1275 4096 1348 4162 ἐριῖιν
1366 4097 1432 4160 ἐγὼ.

476 4187 491 4234 θ
510 4180 555 4235 Sic
575 4180 675 4234 Codex.
712 4181 799 4234 Malo:
818 4183 898 4235 ὅπως
917 4184 985 4234 ποτ’
1003 4182 1068 4247 ἔχει.

476 4272 490 4318 7
510 4265 555 4319 Sic
573 4283 617 4334 ap.
637 4265 750 4319 Maium.
781 4265 921 4318 Iacobsius
941 4265 1057 4333 corrigit
1075 4266 1246 4328 αἰςθάνομαι.

475 4357 490 4404 8
508 4349 652 4404 Librarius
670 4350 836 4403 vocabulum
854 4350 896 4404 bis
915 4348 1034 4436 scripsit.

475 4442 490 4488 9
508 4435 591 4488 Dolet
608 4434 760 4487 Bekkerus.

459 4526 490 4572 10
510 4518 616 4572 Codex:
638 4519 804 4573 ΚΑΚΑΜΟΙ.

460 4611 489 4656 11
507 4603 708 4658 Βοοίάαςαοίυι
726 4601 847 4671 paginae
866 4602 966 4656 saltem
985 4601 1064 4655 duae.
1099 4599 1200 4669 Incipit
1218 4599 1284 4654 Cod.
1304 4600 1433 4658 Ambroa
1451 4620 1478 4670 p.
1494 4608 1532 4656 70.

389 4687 530 4741 Iacobsiuo
547 4705 600 4756 pro
619 4692 714 4741 λειτον
732 4686 829 4740 scribit
847 4688 927 4741 λιτόν
945 4686 989 4739 vel
1007 4690 1094 4741 λεῖον.
1365 4676 1369 4680 ’
