<?xml version="1.0" encoding="UTF-8"?>
<!DOCTYPE html PUBLIC "-//W3C//DTD XHTML 1.0 Transitional//EN"
    "http://www.w3.org/TR/xhtml1/DTD/xhtml1-transitional.dtd">
<html xmlns="http://www.w3.org/1999/xhtml" xml:lang="en" lang="en">
 <head>
  <title>
</title>
<meta http-equiv="Content-Type" content="text/html;charset=utf-8" />
  <meta name='ocr-system' content='tesseract 3.04.00' />
  <meta name='ocr-capabilities' content='ocr_page ocr_carea ocr_par ocr_line ocrx_word'/>
</head>
<body>
  <div class='ocr_page' id='page_1' title='image "./mcorneliifronto02frongoog_0143.png"; bbox 0 0 4142 5659; ppageno 0'>
   <div class='ocr_carea' id='block_1_1' title="bbox 610 611 1575 680">
    <p class='ocr_par' dir='ltr' id='par_1_1' title="bbox 610 611 1575 680">
     <span class='ocr_line' id='line_1_1' title="bbox 610 611 1575 680; baseline 0.005 -15"><span class='ocrx_word' id='word_1_1' title='bbox 610 612 659 666; x_wconf 85' lang='lat' dir='ltr'><strong>AD</strong></span> <span class='ocrx_word' id='word_1_2' title='bbox 678 611 901 666; x_wconf 88' lang='lat' dir='ltr'>ANTONINUM</span> <span class='ocrx_word' id='word_1_3' title='bbox 918 612 989 666; x_wconf 90' lang='grc' dir='ltr'><strong>ΙΜΡ.</strong></span> <span class='ocrx_word' id='word_1_4' title='bbox 1009 612 1057 666; x_wconf 85' lang='grc' dir='ltr'><strong>ΕΤ</strong></span> <span class='ocrx_word' id='word_1_5' title='bbox 1075 612 1228 667; x_wconf 83' lang='lat' dir='ltr'>lNVlGEM</span> <span class='ocrx_word' id='word_1_6' title='bbox 1245 613 1354 667; x_wconf 71' lang='lat' dir='ltr'><strong>niens</strong></span> <span class='ocrx_word' id='word_1_7' title='bbox 1516 615 1575 680; x_wconf 87' lang='lat'><strong>101</strong></span> 
     </span>
    </p>
   </div>
   <div class='ocr_carea' id='block_1_2' title="bbox 545 849 1459 933">
    <p class='ocr_par' dir='ltr' id='par_1_2' title="bbox 545 849 1459 933">
     <span class='ocr_line' id='line_1_2' title="bbox 545 849 1459 933; baseline 0 -15"><span class='ocrx_word' id='word_1_8' title='bbox 545 852 619 918; x_wconf 95' lang='grc' dir='ltr'><strong>ΙΙΙ.</strong></span> <span class='ocrx_word' id='word_1_9' title='bbox 649 852 800 917; x_wconf 86' lang='lat' dir='ltr'><strong>Domino</strong></span> <span class='ocrx_word' id='word_1_10' title='bbox 822 851 899 917; x_wconf 80' lang='lat' dir='ltr'><strong>Meo</strong></span> <span class='ocrx_word' id='word_1_11' title='bbox 921 850 1103 918; x_wconf 77' lang='lat' dir='ltr'><strong>Antonino</strong></span> <span class='ocrx_word' id='word_1_12' title='bbox 1125 849 1288 933; x_wconf 78' lang='lat' dir='ltr'><strong>Augusto</strong></span> <span class='ocrx_word' id='word_1_13' title='bbox 1310 852 1459 920; x_wconf 82' lang='lat' dir='ltr'><strong>Fronto.</strong></span> 
     </span>
    </p>
   </div>
   <div class='ocr_carea' id='block_1_3' title="bbox 424 987 1576 2587">
    <p class='ocr_par' dir='ltr' id='par_1_3' title="bbox 424 987 1576 2587">
     <span class='ocr_line' id='line_1_3' title="bbox 513 987 1576 1072; baseline 0.002 -19"><span class='ocrx_word' id='word_1_14' title='bbox 513 990 589 1054; x_wconf 88' lang='lat' dir='ltr'><strong>Vidi</strong></span> <span class='ocrx_word' id='word_1_15' title='bbox 611 988 750 1072; x_wconf 91' lang='lat' dir='ltr'><strong>pullulos</strong></span> <span class='ocrx_word' id='word_1_16' title='bbox 772 991 856 1071; x_wconf 74' lang='lat' dir='ltr'><strong>tuoe,</strong></span> <span class='ocrx_word' id='word_1_17' title='bbox 874 989 964 1071; x_wconf 84' lang='lat' dir='ltr'><strong>quod</strong></span> <span class='ocrx_word' id='word_1_18' title='bbox 986 988 1114 1072; x_wconf 88' lang='lat' dir='ltr'><strong>quidem</strong></span> <span class='ocrx_word' id='word_1_19' title='bbox 1136 987 1348 1052; x_wconf 87' lang='lat' dir='ltr'><strong>libentissime</strong></span> <span class='ocrx_word' id='word_1_20' title='bbox 1370 989 1405 1053; x_wconf 91' lang='lat' dir='ltr'><strong>in</strong></span> <span class='ocrx_word' id='word_1_21' title='bbox 1420 989 1488 1054; x_wconf 86' lang='lat' dir='ltr'><strong>vita</strong></span> <span class='ocrx_word' id='word_1_22' title='bbox 1503 1013 1576 1055; x_wconf 91' lang='lat' dir='ltr'><strong>mea</strong></span> 
     </span>
     <span class='ocr_line' id='line_1_4' title="bbox 426 1089 1573 1175; baseline 0 -18"><span class='ocrx_word' id='word_1_23' title='bbox 426 1092 572 1175; x_wconf 75' lang='lat' dir='ltr'><strong>viderim,</strong></span> <span class='ocrx_word' id='word_1_24' title='bbox 595 1094 664 1154; x_wconf 88' lang='grc'><strong>11111</strong></span> <span class='ocrx_word' id='word_1_25' title='bbox 686 1090 781 1156; x_wconf 86' lang='lat' dir='ltr'>simili</span> <span class='ocrx_word' id='word_1_26' title='bbox 796 1091 881 1154; x_wconf 87' lang='lat' dir='ltr'><strong>facie</strong></span> <span class='ocrx_word' id='word_1_27' title='bbox 903 1091 974 1172; x_wconf 82' lang='lat' dir='ltr'><strong>tibi,</strong></span> <span class='ocrx_word' id='word_1_28' title='bbox 998 1093 1035 1154; x_wconf 87' lang='lat' dir='ltr'><strong>ut</strong></span> <span class='ocrx_word' id='word_1_29' title='bbox 1057 1090 1140 1154; x_wconf 90' lang='lat' dir='ltr'>nihil</span> <span class='ocrx_word' id='word_1_30' title='bbox 1162 1089 1286 1174; x_wconf 86' lang='lat' dir='ltr'><strong>sithoc</strong></span> <span class='ocrx_word' id='word_1_31' title='bbox 1309 1091 1405 1155; x_wconf 85' lang='lat' dir='ltr'>simili</span> <span class='ocrx_word' id='word_1_32' title='bbox 1429 1091 1573 1158; x_wconf 79' lang='lat' dir='ltr'><strong>similius</strong></span> 
     </span>
     <span class='ocr_line' id='line_1_5' title="bbox 425 1192 1575 1278; baseline 0 -20"><span class='ocrx_word' id='word_1_33' title='bbox 425 1195 502 1259; x_wconf 87' lang='lat' dir='ltr'><strong>Feci</strong></span> <span class='ocrx_word' id='word_1_34' title='bbox 524 1215 654 1278; x_wconf 91' lang='lat' dir='ltr'><strong>prorsus</strong></span> <span class='ocrx_word' id='word_1_35' title='bbox 678 1192 891 1276; x_wconf 83' lang='lat' dir='ltr'><strong>conpendium</strong></span> <span class='ocrx_word' id='word_1_36' title='bbox 913 1192 1040 1256; x_wconf 84' lang='lat' dir='ltr'><strong>itineris</strong></span> <span class='ocrx_word' id='word_1_37' title='bbox 1062 1192 1191 1255; x_wconf 89' lang='lat' dir='ltr'><strong>Lorium</strong></span> <span class='ocrx_word' id='word_1_38' title='bbox 1213 1215 1328 1277; x_wconf 88' lang='lat' dir='ltr'><strong>usquc,</strong></span> <span class='ocrx_word' id='word_1_39' title='bbox 1360 1195 1575 1278; x_wconf 76' lang='lat' dir='ltr'><strong>conpendium</strong></span> 
     </span>
     <span class='ocr_line' id='line_1_6' title="bbox 427 1294 1574 1379; baseline -0.001 -18"><span class='ocrx_word' id='word_1_40' title='bbox 427 1298 497 1362; x_wconf 88' lang='lat' dir='ltr'><strong>viae</strong></span> <span class='ocrx_word' id='word_1_41' title='bbox 518 1296 672 1379; x_wconf 83' lang='lat' dir='ltr'>lubricae,</span> <span class='ocrx_word' id='word_1_42' title='bbox 697 1294 922 1379; x_wconf 78' lang='lat' dir='ltr'><strong>compendium</strong></span> <span class='ocrx_word' id='word_1_43' title='bbox 945 1294 1097 1358; x_wconf 87' lang='lat' dir='ltr'><strong>clivorum</strong></span> <span class='ocrx_word' id='word_1_44' title='bbox 1114 1295 1300 1360; x_wconf 86' lang='lat' dir='ltr'><strong>arduorum:</strong></span> <span class='ocrx_word' id='word_1_45' title='bbox 1323 1298 1433 1360; x_wconf 86' lang='lat' dir='ltr'><strong>tamen</strong></span> <span class='ocrx_word' id='word_1_46' title='bbox 1455 1295 1574 1360; x_wconf 83' lang='lat' dir='ltr'><strong>vidite</strong></span> 
     </span>
     <span class='ocr_line' id='line_1_7' title="bbox 425 1396 1574 1480; baseline -0.002 -16"><span class='ocrx_word' id='word_1_47' title='bbox 425 1422 493 1464; x_wconf 93' lang='lat' dir='ltr'><strong>non</strong></span> <span class='ocrx_word' id='word_1_48' title='bbox 516 1422 555 1462; x_wconf 86' lang='lat' dir='ltr'><strong>ex</strong></span> <span class='ocrx_word' id='word_1_49' title='bbox 578 1399 747 1462; x_wconf 84' lang='lat' dir='ltr'><strong>advorsum</strong></span> <span class='ocrx_word' id='word_1_50' title='bbox 768 1397 864 1460; x_wconf 90' lang='lat' dir='ltr'><strong>modo</strong></span> <span class='ocrx_word' id='word_1_51' title='bbox 884 1396 940 1460; x_wconf 89' lang='lat' dir='ltr'><strong>sed</strong></span> <span class='ocrx_word' id='word_1_52' title='bbox 961 1396 1164 1480; x_wconf 79' lang='lat' dir='ltr'><strong>locupletius,</strong></span> <span class='ocrx_word' id='word_1_53' title='bbox 1189 1396 1255 1460; x_wconf 88' lang='lat' dir='ltr'><strong>sive</strong></span> <span class='ocrx_word' id='word_1_54' title='bbox 1277 1419 1328 1461; x_wconf 91' lang='lat' dir='ltr'><strong>me</strong></span> <span class='ocrx_word' id='word_1_55' title='bbox 1351 1398 1390 1462; x_wconf 90' lang='lat' dir='ltr'><strong>ad</strong></span> <span class='ocrx_word' id='word_1_56' title='bbox 1410 1398 1574 1462; x_wconf 85' lang='lat' dir='ltr'><strong>dexteram</strong></span> 
     </span>
     <span class='ocr_line' id='line_1_8' title="bbox 426 1497 1572 1566; baseline -0.001 -1"><span class='ocrx_word' id='word_1_57' title='bbox 426 1503 493 1566; x_wconf 88' lang='lat' dir='ltr'><strong>sive</strong></span> <span class='ocrx_word' id='word_1_58' title='bbox 521 1501 562 1565; x_wconf 88' lang='lat' dir='ltr'><strong>ad</strong></span> <span class='ocrx_word' id='word_1_59' title='bbox 595 1501 720 1564; x_wconf 86' lang='lat' dir='ltr'><strong>laevam</strong></span> <span class='ocrx_word' id='word_1_60' title='bbox 749 1499 985 1564; x_wconf 83' lang='lat' dir='ltr'><strong>convertissem.</strong></span> <span class='ocrx_word' id='word_1_61' title='bbox 1032 1497 1133 1564; x_wconf 81' lang='lat' dir='ltr'><strong>Sunt¹</strong></span> <span class='ocrx_word' id='word_1_62' title='bbox 1163 1501 1270 1562; x_wconf 87' lang='lat' dir='ltr'><strong>autem</strong></span> <span class='ocrx_word' id='word_1_63' title='bbox 1304 1499 1352 1562; x_wconf 91' lang='lat' dir='ltr'><strong>dis</strong></span> <span class='ocrx_word' id='word_1_64' title='bbox 1384 1499 1572 1565; x_wconf 86' lang='lat' dir='ltr'><strong>iuvantibus</strong></span> 
     </span>
     <span class='ocr_line' id='line_1_9' title="bbox 426 1600 1573 1685; baseline -0.001 -18"><span class='ocrx_word' id='word_1_65' title='bbox 426 1604 531 1668; x_wconf 86' lang='lat' dir='ltr'><strong>colore</strong></span> <span class='ocrx_word' id='word_1_66' title='bbox 554 1603 633 1667; x_wconf 84' lang='lat' dir='ltr'><strong>satis</strong></span> <span class='ocrx_word' id='word_1_67' title='bbox 656 1602 787 1685; x_wconf 83' lang='lat' dir='ltr'><strong>salubri,</strong></span> <span class='ocrx_word' id='word_1_68' title='bbox 813 1601 950 1665; x_wconf 89' lang='lat' dir='ltr'><strong>clamore</strong></span> <span class='ocrx_word' id='word_1_69' title='bbox 972 1601 1059 1666; x_wconf 91' lang='lat' dir='ltr'><strong>forti.</strong></span> <span class='ocrx_word' id='word_1_70' title='bbox 1088 1600 1211 1665; x_wconf 84' lang='lat' dir='ltr'><strong>Panem</strong></span> <span class='ocrx_word' id='word_1_71' title='bbox 1233 1600 1315 1664; x_wconf 88' lang='lat' dir='ltr'><strong>alter</strong></span> <span class='ocrx_word' id='word_1_72' title='bbox 1336 1603 1470 1666; x_wconf 84' lang='lat' dir='ltr'><strong>tenebat</strong></span> <span class='ocrx_word' id='word_1_73' title='bbox 1491 1602 1573 1666; x_wconf 89' lang='lat' dir='ltr'><strong>bene</strong></span> 
     </span>
     <span class='ocr_line' id='line_1_10' title="bbox 427 1689 1574 1788; baseline -0.002 -18"><span class='ocrx_word' id='word_1_74' title='bbox 427 1706 609 1788; x_wconf 81' lang='lat' dir='ltr'><strong>candidum,</strong></span> <span class='ocrx_word' id='word_1_75' title='bbox 634 1706 671 1768; x_wconf 85' lang='lat' dir='ltr'><strong>ut</strong></span> <span class='ocrx_word' id='word_1_76' title='bbox 692 1726 771 1788; x_wconf 91' lang='lat' dir='ltr'><strong>puer</strong></span> <span class='ocrx_word' id='word_1_77' title='bbox 793 1703 913 1788; x_wconf 80' lang='lat' dir='ltr'><strong>regius,</strong></span> <span class='ocrx_word' id='word_1_78' title='bbox 943 1689 1024 1767; x_wconf 78' lang='lat' dir='ltr'><strong>alter</strong></span> <span class='ocrx_word' id='word_1_79' title='bbox 1048 1707 1155 1767; x_wconf 86' lang='lat' dir='ltr'><strong>autem</strong></span> <span class='ocrx_word' id='word_1_80' title='bbox 1177 1702 1343 1787; x_wconf 80' lang='lat' dir='ltr'><strong>cibarium,</strong></span> <span class='ocrx_word' id='word_1_81' title='bbox 1371 1703 1468 1788; x_wconf 88' lang='lat' dir='ltr'><strong>plane</strong></span> <span class='ocrx_word' id='word_1_82' title='bbox 1495 1708 1574 1768; x_wconf 87' lang='grc'><strong>1111</strong></span> 
     </span>
     <span class='ocr_line' id='line_1_11' title="bbox 425 1805 1571 1893; baseline 0 -22"><span class='ocrx_word' id='word_1_83' title='bbox 425 1811 518 1893; x_wconf 86' lang='lat' dir='ltr'><strong>patre</strong></span> <span class='ocrx_word' id='word_1_84' title='bbox 546 1805 738 1890; x_wconf 90' lang='lat' dir='ltr'><strong>philosopho</strong></span> <span class='ocrx_word' id='word_1_85' title='bbox 771 1808 960 1891; x_wconf 73' lang='lat' dir='ltr'><strong>prognatus.</strong></span> <span class='ocrx_word' id='word_1_86' title='bbox 1006 1805 1091 1868; x_wconf 88' lang='lat' dir='ltr'><strong>Deos</strong></span> <span class='ocrx_word' id='word_1_87' title='bbox 1119 1826 1236 1889; x_wconf 87' lang='lat' dir='ltr'><strong>quaeso</strong></span> <span class='ocrx_word' id='word_1_88' title='bbox 1270 1805 1313 1868; x_wconf 87' lang='lat' dir='ltr'><strong>sit</strong></span> <span class='ocrx_word' id='word_1_89' title='bbox 1340 1805 1446 1869; x_wconf 85' lang='lat' dir='ltr'><strong>salvus</strong></span> <span class='ocrx_word' id='word_1_90' title='bbox 1473 1809 1571 1891; x_wconf 77' lang='lat' dir='ltr'><strong>sator,</strong></span> 
     </span>
     <span class='ocr_line' id='line_1_12' title="bbox 425 1906 1572 1992; baseline -0.002 -18"><span class='ocrx_word' id='word_1_91' title='bbox 425 1910 514 1974; x_wconf 86' lang='lat' dir='ltr'><strong>salva</strong></span> <span class='ocrx_word' id='word_1_92' title='bbox 537 1910 604 1973; x_wconf 87' lang='lat' dir='ltr'><strong>sint</strong></span> <span class='ocrx_word' id='word_1_93' title='bbox 626 1911 707 1991; x_wconf 76' lang='lat' dir='ltr'><strong>sata,</strong></span> <span class='ocrx_word' id='word_1_94' title='bbox 731 1907 820 1972; x_wconf 86' lang='lat' dir='ltr'><strong>salva</strong></span> <span class='ocrx_word' id='word_1_95' title='bbox 842 1929 935 1992; x_wconf 82' lang='lat' dir='ltr'><strong>seges</strong></span> <span class='ocrx_word' id='word_1_96' title='bbox 963 1907 1015 1991; x_wconf 82' lang='lat' dir='ltr'><strong>sit,</strong></span> <span class='ocrx_word' id='word_1_97' title='bbox 1046 1929 1127 1991; x_wconf 88' lang='lat' dir='ltr'><strong>quae</strong></span> <span class='ocrx_word' id='word_1_98' title='bbox 1154 1911 1223 1970; x_wconf 89' lang='lat' dir='ltr'><strong>tam</strong></span> <span class='ocrx_word' id='word_1_99' title='bbox 1246 1906 1366 1971; x_wconf 90' lang='lat' dir='ltr'><strong>similes</strong></span> <span class='ocrx_word' id='word_1_100' title='bbox 1394 1912 1572 1991; x_wconf 64' lang='lat' dir='ltr'><strong>procreata.</strong></span> 
     </span>
     <span class='ocr_line' id='line_1_13' title="bbox 424 2009 1574 2094; baseline -0.002 -18"><span class='ocrx_word' id='word_1_101' title='bbox 424 2011 511 2077; x_wconf 87' lang='lat' dir='ltr'><strong>Nam</strong></span> <span class='ocrx_word' id='word_1_102' title='bbox 538 2011 638 2075; x_wconf 85' lang='lat' dir='ltr'><strong>etiam</strong></span> <span class='ocrx_word' id='word_1_103' title='bbox 672 2010 800 2074; x_wconf 87' lang='lat' dir='ltr'><strong>voculas</strong></span> <span class='ocrx_word' id='word_1_104' title='bbox 833 2032 957 2094; x_wconf 88' lang='lat' dir='ltr'><strong>quoque</strong></span> <span class='ocrx_word' id='word_1_105' title='bbox 988 2030 1097 2072; x_wconf 91' lang='lat' dir='ltr'><strong>eorum</strong></span> <span class='ocrx_word' id='word_1_106' title='bbox 1126 2009 1232 2072; x_wconf 87' lang='lat' dir='ltr'><strong>audivi</strong></span> <span class='ocrx_word' id='word_1_107' title='bbox 1260 2011 1327 2072; x_wconf 84' lang='lat' dir='ltr'><strong>tam</strong></span> <span class='ocrx_word' id='word_1_108' title='bbox 1355 2009 1471 2093; x_wconf 76' lang='lat' dir='ltr'><strong>dulcio,</strong></span> <span class='ocrx_word' id='word_1_109' title='bbox 1506 2014 1574 2074; x_wconf 88' lang='lat' dir='ltr'><strong>tam</strong></span> 
     </span>
     <span class='ocr_line' id='line_1_14' title="bbox 424 2109 1574 2196; baseline -0.001 -18"><span class='ocrx_word' id='word_1_110' title='bbox 424 2117 588 2196; x_wconf 78' lang='lat' dir='ltr'><strong>venustae,</strong></span> <span class='ocrx_word' id='word_1_111' title='bbox 612 2116 649 2177; x_wconf 84' lang='lat' dir='ltr'><strong>ut</strong></span> <span class='ocrx_word' id='word_1_112' title='bbox 670 2111 825 2177; x_wconf 83' lang='lat' dir='ltr'><strong>orationis</strong></span> <span class='ocrx_word' id='word_1_113' title='bbox 848 2115 922 2175; x_wconf 89' lang='lat' dir='ltr'><strong>tuae</strong></span> <span class='ocrx_word' id='word_1_114' title='bbox 945 2111 1087 2194; x_wconf 88' lang='lat' dir='ltr'><strong>lepidum</strong></span> <span class='ocrx_word' id='word_1_115' title='bbox 1109 2109 1200 2173; x_wconf 89' lang='lat' dir='ltr'><strong>illum</strong></span> <span class='ocrx_word' id='word_1_116' title='bbox 1216 2113 1249 2173; x_wconf 87' lang='lat' dir='ltr'><strong>et</strong></span> <span class='ocrx_word' id='word_1_117' title='bbox 1268 2110 1424 2194; x_wconf 91' lang='lat' dir='ltr'><strong>liquidum</strong></span> <span class='ocrx_word' id='word_1_118' title='bbox 1440 2114 1574 2176; x_wconf 78' lang='lat' dir='ltr'><strong>somnn²</strong></span> 
     </span>
     <span class='ocr_line' id='line_1_15' title="bbox 424 2211 1572 2299; baseline -0.003 -19"><span class='ocrx_word' id='word_1_119' title='bbox 424 2217 534 2281; x_wconf 87' lang='lat' dir='ltr'><strong>nescio</strong></span> <span class='ocrx_word' id='word_1_120' title='bbox 563 2237 626 2299; x_wconf 91' lang='lat' dir='ltr'><strong>quo</strong></span> <span class='ocrx_word' id='word_1_121' title='bbox 654 2217 750 2298; x_wconf 77' lang='lat' dir='ltr'><strong>pacto</strong></span> <span class='ocrx_word' id='word_1_122' title='bbox 778 2214 814 2278; x_wconf 92' lang='lat' dir='ltr'><strong>in</strong></span> <span class='ocrx_word' id='word_1_123' title='bbox 841 2214 1008 2297; x_wconf 87' lang='lat' dir='ltr'><strong>utriusque</strong></span> <span class='ocrx_word' id='word_1_124' title='bbox 1036 2211 1167 2296; x_wconf 85' lang='lat' dir='ltr'><strong>pipulo³</strong></span> <span class='ocrx_word' id='word_1_125' title='bbox 1196 2212 1457 2296; x_wconf 70' lang='lat' dir='ltr'><strong>adgnosceremb.</strong></span> <span class='ocrx_word' id='word_1_126' title='bbox 1503 2213 1572 2277; x_wconf 87' lang='lat' dir='ltr'><strong>Iam</strong></span> 
     </span>
     <span class='ocr_line' id='line_1_16' title="bbox 424 2314 1572 2402; baseline -0.003 -20"><span class='ocrx_word' id='word_1_127' title='bbox 424 2323 461 2383; x_wconf 89' lang='lat' dir='ltr'><strong>tu</strong></span> <span class='ocrx_word' id='word_1_128' title='bbox 482 2319 594 2402; x_wconf 83' lang='lat' dir='ltr'><strong>igitur,</strong></span> <span class='ocrx_word' id='word_1_129' title='bbox 624 2317 688 2380; x_wconf 88' lang='lat' dir='ltr'><strong>nisi</strong></span> <span class='ocrx_word' id='word_1_130' title='bbox 716 2339 824 2399; x_wconf 77' lang='lat' dir='ltr'><strong>caves,</strong></span> <span class='ocrx_word' id='word_1_131' title='bbox 854 2315 1092 2399; x_wconf 74' lang='lat' dir='ltr'><strong>superbiorem⁴</strong></span> <span class='ocrx_word' id='word_1_132' title='bbox 1121 2314 1286 2396; x_wconf 81' lang='lat' dir='ltr'><strong>aliquanto</strong></span> <span class='ocrx_word' id='word_1_133' title='bbox 1313 2336 1365 2379; x_wconf 90' lang='lat' dir='ltr'><strong>me</strong></span> <span class='ocrx_word' id='word_1_134' title='bbox 1393 2315 1572 2399; x_wconf 77' lang='lat' dir='ltr'><strong>experiere3</strong></span> 
     </span>
     <span class='ocr_line' id='line_1_17' title="bbox 424 2416 1573 2503; baseline -0.003 -19"><span class='ocrx_word' id='word_1_135' title='bbox 424 2420 527 2484; x_wconf 89' lang='lat' dir='ltr'><strong>habeo</strong></span> <span class='ocrx_word' id='word_1_136' title='bbox 550 2420 636 2484; x_wconf 85' lang='lat' dir='ltr'><strong>enim</strong></span> <span class='ocrx_word' id='word_1_137' title='bbox 658 2441 736 2503; x_wconf 90' lang='lat' dir='ltr'><strong>quos</strong></span> <span class='ocrx_word' id='word_1_138' title='bbox 757 2440 816 2502; x_wconf 92' lang='lat' dir='ltr'><strong>pro</strong></span> <span class='ocrx_word' id='word_1_139' title='bbox 843 2420 877 2481; x_wconf 92' lang='lat' dir='ltr'><strong>te</strong></span> <span class='ocrx_word' id='word_1_140' title='bbox 898 2438 965 2481; x_wconf 90' lang='lat' dir='ltr'><strong>non</strong></span> <span class='ocrx_word' id='word_1_141' title='bbox 991 2416 1110 2481; x_wconf 90' lang='lat' dir='ltr'><strong>oculeis</strong></span> <span class='ocrx_word' id='word_1_142' title='bbox 1132 2417 1226 2480; x_wconf 91' lang='lat' dir='ltr'><strong>modo</strong></span> <span class='ocrx_word' id='word_1_143' title='bbox 1249 2436 1363 2501; x_wconf 82' lang='lat' dir='ltr'><strong>amem,</strong></span> <span class='ocrx_word' id='word_1_144' title='bbox 1392 2418 1448 2481; x_wconf 90' lang='lat' dir='ltr'><strong>sed</strong></span> <span class='ocrx_word' id='word_1_145' title='bbox 1475 2417 1573 2481; x_wconf 88' lang='lat' dir='ltr'><strong>etiam</strong></span> 
     </span>
     <span class='ocr_line' id='line_1_18' title="bbox 424 2522 1354 2587; baseline -0.003 0"><span class='ocrx_word' id='word_1_146' title='bbox 424 2522 563 2587; x_wconf 90' lang='lat' dir='ltr'><strong>auribus.</strong></span> <span class='ocrx_word' id='word_1_147' title='bbox 1352 2536 1354 2541; x_wconf 82' lang='lat'>&#39;</span> 
     </span>
    </p>
   </div>
   <div class='ocr_carea' id='block_1_4' title="bbox 712 2651 1275 2737">
    <p class='ocr_par' dir='ltr' id='par_1_4' title="bbox 712 2651 1275 2737">
     <span class='ocr_line' id='line_1_19' title="bbox 712 2651 1275 2737; baseline -0.005 -16"><span class='ocrx_word' id='word_1_148' title='bbox 712 2655 774 2721; x_wconf 83' lang='lat' dir='ltr'><strong>IV.</strong></span> <span class='ocrx_word' id='word_1_149' title='bbox 804 2654 977 2737; x_wconf 80' lang='lat' dir='ltr'><strong>Magistro</strong></span> <span class='ocrx_word' id='word_1_150' title='bbox 999 2654 1076 2721; x_wconf 81' lang='lat' dir='ltr'><strong>Meo</strong></span> <span class='ocrx_word' id='word_1_151' title='bbox 1100 2651 1275 2720; x_wconf 86' lang='lat' dir='ltr'><strong>Salutem.</strong></span> 
     </span>
    </p>
   </div>
   <div class='ocr_carea' id='block_1_5' title="bbox 421 2789 1573 3489">
    <p class='ocr_par' dir='ltr' id='par_1_5' title="bbox 421 2789 1573 3489">
     <span class='ocr_line' id='line_1_20' title="bbox 509 2789 1573 2875; baseline -0.001 -18"><span class='ocrx_word' id='word_1_152' title='bbox 509 2792 584 2857; x_wconf 90' lang='lat' dir='ltr'><strong>Vidi</strong></span> <span class='ocrx_word' id='word_1_153' title='bbox 606 2792 720 2857; x_wconf 87' lang='lat' dir='ltr'><strong>filiolos</strong></span> <span class='ocrx_word' id='word_1_154' title='bbox 743 2813 840 2875; x_wconf 85' lang='lat' dir='ltr'><strong>meos,</strong></span> <span class='ocrx_word' id='word_1_155' title='bbox 865 2812 961 2874; x_wconf 88' lang='lat' dir='ltr'><strong>quom</strong></span> <span class='ocrx_word' id='word_1_156' title='bbox 979 2790 1003 2875; x_wconf 73' lang='grc'><strong>15</strong></span> <span class='ocrx_word' id='word_1_157' title='bbox 1019 2812 1072 2854; x_wconf 91' lang='lat' dir='ltr'><strong>eos</strong></span> <span class='ocrx_word' id='word_1_158' title='bbox 1094 2793 1131 2853; x_wconf 87' lang='lat' dir='ltr'><strong>tu</strong></span> <span class='ocrx_word' id='word_1_159' title='bbox 1152 2789 1276 2872; x_wconf 82' lang='lat' dir='ltr'><strong>vidisti3</strong></span> <span class='ocrx_word' id='word_1_160' title='bbox 1299 2789 1363 2854; x_wconf 87' lang='lat' dir='ltr'><strong>vidi</strong></span> <span class='ocrx_word' id='word_1_161' title='bbox 1384 2793 1417 2854; x_wconf 86' lang='lat' dir='ltr'><strong>et</strong></span> <span class='ocrx_word' id='word_1_162' title='bbox 1430 2794 1474 2874; x_wconf 82' lang='lat' dir='ltr'><strong>te,</strong></span> <span class='ocrx_word' id='word_1_163' title='bbox 1500 2814 1573 2856; x_wconf 91' lang='lat' dir='ltr'><strong>cum</strong></span> 
     </span>
     <span class='ocr_line' id='line_1_21' title="bbox 423 2892 1572 2979; baseline -0.002 -20"><span class='ocrx_word' id='word_1_164' title='bbox 423 2896 548 2959; x_wconf 87' lang='lat' dir='ltr'><strong>litteras</strong></span> <span class='ocrx_word' id='word_1_165' title='bbox 570 2897 644 2959; x_wconf 85' lang='lat' dir='ltr'><strong>tuas</strong></span> <span class='ocrx_word' id='word_1_166' title='bbox 665 2894 815 2979; x_wconf 83' lang='lat' dir='ltr'><strong>legerem.</strong></span> <span class='ocrx_word' id='word_1_167' title='bbox 845 2892 909 2957; x_wconf 89' lang='lat' dir='ltr'><strong>Oro</strong></span> <span class='ocrx_word' id='word_1_168' title='bbox 931 2895 974 2975; x_wconf 76' lang='lat' dir='ltr'><strong>te,</strong></span> <span class='ocrx_word' id='word_1_169' title='bbox 998 2892 1044 2955; x_wconf 93' lang='lat' dir='ltr'><strong>mi</strong></span> <span class='ocrx_word' id='word_1_170' title='bbox 1064 2892 1230 2977; x_wconf 78' lang='lat' dir='ltr'><strong>magister,</strong></span> <span class='ocrx_word' id='word_1_171' title='bbox 1256 2914 1328 2956; x_wconf 86' lang='lat' dir='ltr'><strong>ama</strong></span> <span class='ocrx_word' id='word_1_172' title='bbox 1349 2914 1400 2956; x_wconf 92' lang='lat' dir='ltr'><strong>me</strong></span> <span class='ocrx_word' id='word_1_173' title='bbox 1415 2894 1452 2955; x_wconf 87' lang='lat' dir='ltr'><strong>ut</strong></span> <span class='ocrx_word' id='word_1_174' title='bbox 1467 2910 1572 2977; x_wconf 78' lang='lat' dir='ltr'><strong>amas3</strong></span> 
     </span>
     <span class='ocr_line' id='line_1_22' title="bbox 424 2994 1571 3079; baseline -0.003 -17"><span class='ocrx_word' id='word_1_175' title='bbox 424 3021 496 3062; x_wconf 87' lang='grc'><strong>11111</strong></span> <span class='ocrx_word' id='word_1_176' title='bbox 510 3020 562 3061; x_wconf 90' lang='lat' dir='ltr'><strong>me</strong></span> <span class='ocrx_word' id='word_1_177' title='bbox 585 2997 631 3061; x_wconf 90' lang='lat' dir='ltr'><strong>sic</strong></span> <span class='ocrx_word' id='word_1_178' title='bbox 655 2996 753 3060; x_wconf 89' lang='lat' dir='ltr'><strong>etiam</strong></span> <span class='ocrx_word' id='word_1_179' title='bbox 775 2995 931 3079; x_wconf 89' lang='lat' dir='ltr'><strong>quomodo</strong></span> <span class='ocrx_word' id='word_1_180' title='bbox 952 2994 1031 3058; x_wconf 89' lang='lat' dir='ltr'><strong>istos</strong></span> <span class='ocrx_word' id='word_1_181' title='bbox 1053 2994 1201 3078; x_wconf 88' lang='lat' dir='ltr'><strong>parvolos</strong></span> <span class='ocrx_word' id='word_1_182' title='bbox 1221 2996 1347 3057; x_wconf 83' lang='lat' dir='ltr'><strong>nostros</strong></span> <span class='ocrx_word' id='word_1_183' title='bbox 1364 3016 1469 3058; x_wconf 85' lang='lat' dir='ltr'><strong>amas:</strong></span> <span class='ocrx_word' id='word_1_184' title='bbox 1490 3017 1571 3060; x_wconf 93' lang='lat' dir='ltr'><strong>non-</strong></span> 
     </span>
     <span class='ocr_line' id='line_1_23' title="bbox 423 3096 1571 3181; baseline -0.002 -17"><span class='ocrx_word' id='word_1_185' title='bbox 423 3101 498 3164; x_wconf 88' lang='lat' dir='ltr'><strong>dum</strong></span> <span class='ocrx_word' id='word_1_186' title='bbox 520 3120 614 3163; x_wconf 91' lang='lat' dir='ltr'><strong>omne</strong></span> <span class='ocrx_word' id='word_1_187' title='bbox 638 3098 702 3161; x_wconf 86' lang='lat' dir='ltr'><strong>dixi</strong></span> <span class='ocrx_word' id='word_1_188' title='bbox 725 3097 810 3181; x_wconf 88' lang='lat' dir='ltr'><strong>quod</strong></span> <span class='ocrx_word' id='word_1_189' title='bbox 830 3097 917 3161; x_wconf 86' lang='lat' dir='ltr'><strong>volo:</strong></span> <span class='ocrx_word' id='word_1_190' title='bbox 946 3118 1018 3159; x_wconf 88' lang='lat' dir='ltr'><strong>ama</strong></span> <span class='ocrx_word' id='word_1_191' title='bbox 1033 3117 1097 3160; x_wconf 49' lang='lat' dir='ltr'><strong>¹me</strong></span> <span class='ocrx_word' id='word_1_192' title='bbox 1128 3097 1284 3180; x_wconf 88' lang='lat' dir='ltr'><strong>quomodo</strong></span> <span class='ocrx_word' id='word_1_193' title='bbox 1310 3097 1435 3160; x_wconf 87' lang='lat' dir='ltr'><strong>amasti.</strong></span> <span class='ocrx_word' id='word_1_194' title='bbox 1481 3096 1571 3162; x_wconf 88' lang='lat' dir='ltr'><strong>Haec</strong></span> 
     </span>
     <span class='ocr_line' id='line_1_24' title="bbox 422 3197 1569 3283; baseline -0.003 -17"><span class='ocrx_word' id='word_1_195' title='bbox 422 3205 459 3266; x_wconf 87' lang='lat' dir='ltr'><strong>ut</strong></span> <span class='ocrx_word' id='word_1_196' title='bbox 480 3201 670 3283; x_wconf 83' lang='lat' dir='ltr'><strong>scriberem,</strong></span> <span class='ocrx_word' id='word_1_197' title='bbox 705 3203 834 3263; x_wconf 88' lang='lat' dir='ltr'><strong>tuarum</strong></span> <span class='ocrx_word' id='word_1_198' title='bbox 861 3200 1043 3263; x_wconf 88' lang='lat' dir='ltr'><strong>litterarum</strong></span> <span class='ocrx_word' id='word_1_199' title='bbox 1069 3198 1152 3261; x_wconf 86' lang='lat' dir='ltr'><strong>mira</strong></span> <span class='ocrx_word' id='word_1_200' title='bbox 1178 3197 1362 3261; x_wconf 88' lang='lat' dir='ltr'><strong>iucunditas</strong></span> <span class='ocrx_word' id='word_1_201' title='bbox 1390 3198 1569 3282; x_wconf 74' lang='lat' dir='ltr'><strong>produxit0.</strong></span> 
     </span>
     <span class='ocr_line' id='line_1_25' title="bbox 422 3298 1569 3386; baseline -0.003 -19"><span class='ocrx_word' id='word_1_202' title='bbox 422 3303 508 3368; x_wconf 85' lang='lat' dir='ltr'><strong>Nam</strong></span> <span class='ocrx_word' id='word_1_203' title='bbox 530 3303 569 3366; x_wconf 88' lang='lat' dir='ltr'><strong>de</strong></span> <span class='ocrx_word' id='word_1_204' title='bbox 585 3301 748 3386; x_wconf 81' lang='lat' dir='ltr'><strong>elegantia</strong></span> <span class='ocrx_word' id='word_1_205' title='bbox 764 3301 840 3385; x_wconf 90' lang='lat' dir='ltr'><strong>quid</strong></span> <span class='ocrx_word' id='word_1_206' title='bbox 856 3299 984 3364; x_wconf 85' lang='lat' dir='ltr'><strong>dicam?</strong></span> <span class='ocrx_word' id='word_1_207' title='bbox 1005 3299 1069 3362; x_wconf 90' lang='lat' dir='ltr'><strong>nisi</strong></span> <span class='ocrx_word' id='word_1_208' title='bbox 1085 3300 1117 3361; x_wconf 90' lang='lat' dir='ltr'><strong>te</strong></span> <span class='ocrx_word' id='word_1_209' title='bbox 1132 3298 1234 3362; x_wconf 88' lang='lat' dir='ltr'><strong>latine</strong></span> <span class='ocrx_word' id='word_1_210' title='bbox 1249 3298 1348 3382; x_wconf 82' lang='lat' dir='ltr'><strong>loqui,</strong></span> <span class='ocrx_word' id='word_1_211' title='bbox 1372 3321 1431 3362; x_wconf 87' lang='lat' dir='ltr'><strong>nos</strong></span> <span class='ocrx_word' id='word_1_212' title='bbox 1447 3302 1569 3364; x_wconf 88' lang='lat' dir='ltr'><strong>ceteros</strong></span> 
     </span>
     <span class='ocr_line' id='line_1_26' title="bbox 421 3401 1569 3489; baseline -0.002 -20"><span class='ocrx_word' id='word_1_213' title='bbox 421 3427 525 3489; x_wconf 89' lang='lat' dir='ltr'><strong>neque</strong></span> <span class='ocrx_word' id='word_1_214' title='bbox 540 3426 655 3489; x_wconf 83' lang='lat' dir='ltr'><strong>graece</strong></span> <span class='ocrx_word' id='word_1_215' title='bbox 671 3425 775 3487; x_wconf 84' lang='lat' dir='ltr'><strong>neque</strong></span> <span class='ocrx_word' id='word_1_216' title='bbox 789 3403 924 3467; x_wconf 70' lang='lat' dir='ltr'><strong>latined.</strong></span> <span class='ocrx_word' id='word_1_217' title='bbox 953 3401 1092 3464; x_wconf 84' lang='lat' dir='ltr'><strong>Domino</strong></span> <span class='ocrx_word' id='word_1_218' title='bbox 1106 3422 1177 3464; x_wconf 90' lang='lat' dir='ltr'><strong>meo</strong></span> <span class='ocrx_word' id='word_1_219' title='bbox 1191 3401 1286 3464; x_wconf 84' lang='lat' dir='ltr'><strong>fratri</strong></span> <span class='ocrx_word' id='word_1_220' title='bbox 1300 3403 1376 3484; x_wconf 89' lang='lat' dir='ltr'><strong>peto</strong></span> <span class='ocrx_word' id='word_1_221' title='bbox 1391 3401 1569 3485; x_wconf 86' lang='lat' dir='ltr'><strong>seriptites:</strong></span> 
     </span>
    </p>
   </div>
   <div class='ocr_carea' id='block_1_6' title="bbox 507 3569 1653 3642">
    <p class='ocr_par' dir='ltr' id='par_1_6' title="bbox 507 3569 1653 3642">
     <span class='ocr_line' id='line_1_27' title="bbox 507 3569 1653 3642; baseline -0.001 -14"><span class='ocrx_word' id='word_1_222' title='bbox 507 3591 525 3628; x_wconf 88' lang='grc'><strong>1</strong></span> <span class='ocrx_word' id='word_1_223' title='bbox 542 3578 576 3627; x_wconf 83' lang='lat' dir='ltr'><strong>In</strong></span> <span class='ocrx_word' id='word_1_224' title='bbox 593 3579 718 3642; x_wconf 73' lang='lat' dir='ltr'><strong>marpine:</strong></span> <span class='ocrx_word' id='word_1_225' title='bbox 738 3571 836 3627; x_wconf 84' lang='lat' dir='ltr'><strong>Salvus</strong></span> <span class='ocrx_word' id='word_1_226' title='bbox 855 3573 931 3626; x_wconf 86' lang='lat' dir='ltr'><strong>sator</strong></span> <span class='ocrx_word' id='word_1_227' title='bbox 946 3570 989 3636; x_wconf 87' lang='lat' dir='ltr'><strong>sit,</strong></span> <span class='ocrx_word' id='word_1_228' title='bbox 1008 3571 1085 3624; x_wconf 87' lang='lat' dir='ltr'><strong>salva</strong></span> <span class='ocrx_word' id='word_1_229' title='bbox 1097 3572 1166 3637; x_wconf 87' lang='lat' dir='ltr'><strong>sata,</strong></span> <span class='ocrx_word' id='word_1_230' title='bbox 1185 3569 1262 3625; x_wconf 87' lang='lat' dir='ltr'><strong>salva</strong></span> <span class='ocrx_word' id='word_1_231' title='bbox 1279 3586 1359 3640; x_wconf 83' lang='lat' dir='ltr'><strong>seges</strong></span> <span class='ocrx_word' id='word_1_232' title='bbox 1377 3587 1449 3639; x_wconf 87' lang='lat' dir='ltr'><strong>quae</strong></span> <span class='ocrx_word' id='word_1_233' title='bbox 1466 3571 1569 3627; x_wconf 86' lang='lat' dir='ltr'><strong>similes</strong></span> <span class='ocrx_word' id='word_1_234' title='bbox 1651 3635 1653 3638; x_wconf 11' lang='lat' dir='ltr'>y</span> 
     </span>
    </p>
   </div>
   <div class='ocr_carea' id='block_1_7' title="bbox 418 3660 1570 4576">
    <p class='ocr_par' dir='ltr' id='par_1_7' title="bbox 421 3660 561 3730">
     <span class='ocr_line' id='line_1_28' title="bbox 421 3660 561 3730; baseline -0.021 -15"><span class='ocrx_word' id='word_1_235' title='bbox 421 3660 561 3730; x_wconf 85' lang='lat' dir='ltr'><strong>procreat.</strong></span> 
     </span>
    </p>

    <p class='ocr_par' dir='ltr' id='par_1_8' title="bbox 420 3739 1570 3899">
     <span class='ocr_line' id='line_1_29' title="bbox 506 3739 1570 3812; baseline -0.002 -14"><span class='ocrx_word' id='word_1_236' title='bbox 506 3745 525 3798; x_wconf 96' lang='lat' dir='ltr'>b</span> <span class='ocrx_word' id='word_1_237' title='bbox 544 3748 578 3797; x_wconf 86' lang='lat' dir='ltr'><strong>In</strong></span> <span class='ocrx_word' id='word_1_238' title='bbox 595 3748 722 3812; x_wconf 74' lang='lat' dir='ltr'><strong>rnarpine:</strong></span> <span class='ocrx_word' id='word_1_239' title='bbox 741 3741 779 3796; x_wconf 85' lang='lat' dir='ltr'><strong>Ut</strong></span> <span class='ocrx_word' id='word_1_240' title='bbox 798 3741 931 3796; x_wconf 84' lang='lat' dir='ltr'><strong>orationis</strong></span> <span class='ocrx_word' id='word_1_241' title='bbox 949 3743 1015 3795; x_wconf 85' lang='lat' dir='ltr'><strong>tuae</strong></span> <span class='ocrx_word' id='word_1_242' title='bbox 1034 3739 1143 3794; x_wconf 90' lang='lat' dir='ltr'><strong>dulcem</strong></span> <span class='ocrx_word' id='word_1_243' title='bbox 1166 3753 1265 3793; x_wconf 88' lang='lat' dir='ltr'><strong>sonum</strong></span> <span class='ocrx_word' id='word_1_244' title='bbox 1285 3739 1316 3794; x_wconf 91' lang='lat' dir='ltr'><strong>in</strong></span> <span class='ocrx_word' id='word_1_245' title='bbox 1331 3739 1476 3811; x_wconf 85' lang='lat' dir='ltr'><strong>utriusque</strong></span> <span class='ocrx_word' id='word_1_246' title='bbox 1499 3743 1570 3811; x_wconf 91' lang='lat' dir='ltr'><strong>pulli</strong></span> 
     </span>
     <span class='ocr_line' id='line_1_30' title="bbox 420 3829 783 3899; baseline -0.014 -14"><span class='ocrx_word' id='word_1_247' title='bbox 420 3829 463 3885; x_wconf 88' lang='lat' dir='ltr'><strong>tui</strong></span> <span class='ocrx_word' id='word_1_248' title='bbox 480 3829 576 3899; x_wconf 91' lang='lat' dir='ltr'><strong>pipulo</strong></span> <span class='ocrx_word' id='word_1_249' title='bbox 595 3844 783 3897; x_wconf 86' lang='lat' dir='ltr'><strong>agnoscerem.</strong></span> 
     </span>
    </p>

    <p class='ocr_par' dir='ltr' id='par_1_9' title="bbox 507 3909 1190 3982">
     <span class='ocr_line' id='line_1_31' title="bbox 507 3909 1190 3982; baseline -0.009 -14"><span class='ocrx_word' id='word_1_250' title='bbox 507 3932 522 3968; x_wconf 90' lang='lat' dir='ltr'><strong>c</strong></span> <span class='ocrx_word' id='word_1_251' title='bbox 544 3918 577 3967; x_wconf 83' lang='lat' dir='ltr'><strong>ln</strong></span> <span class='ocrx_word' id='word_1_252' title='bbox 594 3918 719 3982; x_wconf 75' lang='lat' dir='ltr'><strong>marpine:</strong></span> <span class='ocrx_word' id='word_1_253' title='bbox 739 3911 812 3966; x_wconf 86' lang='lat' dir='ltr'><strong>Tota</strong></span> <span class='ocrx_word' id='word_1_254' title='bbox 829 3911 899 3966; x_wconf 88' lang='lat' dir='ltr'><strong>haec</strong></span> <span class='ocrx_word' id='word_1_255' title='bbox 916 3909 1104 3980; x_wconf 81' lang='lat' dir='ltr'><strong>panygyricus</strong></span> <span class='ocrx_word' id='word_1_256' title='bbox 1124 3911 1190 3977; x_wconf 80' lang='lat' dir='ltr'><strong>(sic).</strong></span> 
     </span>
    </p>

    <p class='ocr_par' dir='ltr' id='par_1_10' title="bbox 507 3994 1566 4066">
     <span class='ocr_line' id='line_1_32' title="bbox 507 3994 1566 4066; baseline -0.002 -14"><span class='ocrx_word' id='word_1_257' title='bbox 507 3999 526 4052; x_wconf 92' lang='lat' dir='ltr'><strong>d</strong></span> <span class='ocrx_word' id='word_1_258' title='bbox 543 4003 578 4052; x_wconf 81' lang='lat' dir='ltr'><strong>Io</strong></span> <span class='ocrx_word' id='word_1_259' title='bbox 595 4004 720 4066; x_wconf 72' lang='lat' dir='ltr'><strong>morpine:</strong></span> <span class='ocrx_word' id='word_1_260' title='bbox 740 3997 779 4051; x_wconf 89' lang='lat' dir='ltr'><strong>Te</strong></span> <span class='ocrx_word' id='word_1_261' title='bbox 788 3995 875 4051; x_wconf 87' lang='lat' dir='ltr'><strong>latine</strong></span> <span class='ocrx_word' id='word_1_262' title='bbox 884 3994 969 4064; x_wconf 84' lang='lat' dir='ltr'><strong>loqui,</strong></span> <span class='ocrx_word' id='word_1_263' title='bbox 979 4010 1029 4049; x_wconf 91' lang='lat' dir='ltr'><strong>nos</strong></span> <span class='ocrx_word' id='word_1_264' title='bbox 1040 3995 1149 4050; x_wconf 89' lang='lat' dir='ltr'><strong>ceteros</strong></span> <span class='ocrx_word' id='word_1_265' title='bbox 1160 4010 1250 4062; x_wconf 86' lang='lat' dir='ltr'><strong>neque</strong></span> <span class='ocrx_word' id='word_1_266' title='bbox 1260 4011 1361 4064; x_wconf 80' lang='lat' dir='ltr'><strong>graece</strong></span> <span class='ocrx_word' id='word_1_267' title='bbox 1372 3995 1566 4065; x_wconf 85' lang='lat' dir='ltr'><strong>nequelatine.</strong></span> 
     </span>
    </p>

    <p class='ocr_par' dir='ltr' id='par_1_11' title="bbox 418 4163 1569 4322">
     <span class='ocr_line' id='line_1_33' title="bbox 506 4163 1569 4237; baseline -0.003 -16"><span class='ocrx_word' id='word_1_268' title='bbox 506 4179 520 4221; x_wconf 94' lang='lat'>1</span> <span class='ocrx_word' id='word_1_269' title='bbox 538 4168 648 4237; x_wconf 86' lang='lat' dir='ltr'><strong>Nempe</strong></span> <span class='ocrx_word' id='word_1_270' title='bbox 670 4166 782 4237; x_wconf 85' lang='lat' dir='ltr'><strong>gemelli</strong></span> <span class='ocrx_word' id='word_1_271' title='bbox 802 4167 898 4221; x_wconf 84' lang='lat' dir='ltr'><strong>Marco</strong></span> <span class='ocrx_word' id='word_1_272' title='bbox 919 4166 977 4219; x_wconf 87' lang='lat' dir='ltr'><strong>iam</strong></span> <span class='ocrx_word' id='word_1_273' title='bbox 998 4164 1127 4233; x_wconf 85' lang='lat' dir='ltr'><strong>Augusto</strong></span> <span class='ocrx_word' id='word_1_274' title='bbox 1154 4164 1214 4220; x_wconf 85' lang='lat' dir='ltr'><strong>nati</strong></span> <span class='ocrx_word' id='word_1_275' title='bbox 1235 4163 1324 4231; x_wconf 87' lang='lat' dir='ltr'><strong>filioli,</strong></span> <span class='ocrx_word' id='word_1_276' title='bbox 1349 4163 1516 4218; x_wconf 83' lang='lat' dir='ltr'><strong>Commodus</strong></span> <span class='ocrx_word' id='word_1_277' title='bbox 1540 4167 1569 4218; x_wconf 88' lang='lat' dir='ltr'><strong>et</strong></span> 
     </span>
     <span class='ocr_line' id='line_1_34' title="bbox 418 4249 1321 4322; baseline -0.007 -15"><span class='ocrx_word' id='word_1_278' title='bbox 418 4253 584 4320; x_wconf 85' lang='lat' dir='ltr'><strong>Antoninus,</strong></span> <span class='ocrx_word' id='word_1_279' title='bbox 603 4268 721 4322; x_wconf 91' lang='lat' dir='ltr'><strong>quornm</strong></span> <span class='ocrx_word' id='word_1_280' title='bbox 738 4251 783 4305; x_wconf 90' lang='lat' dir='ltr'><strong>hic</strong></span> <span class='ocrx_word' id='word_1_281' title='bbox 801 4251 962 4320; x_wconf 73' lang='lat' dir='ltr'><strong>quadrimus</strong></span> <span class='ocrx_word' id='word_1_282' title='bbox 981 4249 1119 4303; x_wconf 83' lang='lat' dir='ltr'><strong>extinctus</strong></span> <span class='ocrx_word' id='word_1_283' title='bbox 1137 4250 1188 4304; x_wconf 84' lang='lat' dir='ltr'><strong>est.</strong></span> <span class='ocrx_word' id='word_1_284' title='bbox 1226 4253 1321 4302; x_wconf 76' lang='lat' dir='ltr'><strong>Maius.</strong></span> 
     </span>
    </p>

    <p class='ocr_par' dir='ltr' id='par_1_12' title="bbox 419 4333 1566 4491">
     <span class='ocr_line' id='line_1_35' title="bbox 505 4333 1566 4403; baseline -0.005 -11"><span class='ocrx_word' id='word_1_285' title='bbox 505 4345 521 4392; x_wconf 82' lang='lat'><strong>2</strong></span> <span class='ocrx_word' id='word_1_286' title='bbox 539 4339 629 4392; x_wconf 88' lang='lat' dir='ltr'><strong>Maius</strong></span> <span class='ocrx_word' id='word_1_287' title='bbox 647 4337 730 4391; x_wconf 83' lang='lat' dir='ltr'><strong>affert</strong></span> <span class='ocrx_word' id='word_1_288' title='bbox 746 4335 865 4392; x_wconf 88' lang='lat' dir='ltr'><strong>Dionem</strong></span> <span class='ocrx_word' id='word_1_289' title='bbox 883 4334 1008 4390; x_wconf 83' lang='lat' dir='ltr'><strong>Cassium</strong></span> <span class='ocrx_word' id='word_1_290' title='bbox 1028 4333 1060 4387; x_wconf 93' lang='lat' dir='ltr'><strong>in</strong></span> <span class='ocrx_word' id='word_1_291' title='bbox 1080 4333 1163 4388; x_wconf 83' lang='lat' dir='ltr'><strong>titulo</strong></span> <span class='ocrx_word' id='word_1_292' title='bbox 1186 4334 1221 4388; x_wconf 93' lang='lat' dir='ltr'><strong>de</strong></span> <span class='ocrx_word' id='word_1_293' title='bbox 1240 4333 1390 4388; x_wconf 84' lang='lat' dir='ltr'><strong>Sententiis</strong></span> <span class='ocrx_word' id='word_1_294' title='bbox 1408 4334 1484 4403; x_wconf 86' lang='lat' dir='ltr'><strong>apud</strong></span> <span class='ocrx_word' id='word_1_295' title='bbox 1501 4334 1566 4388; x_wconf 88' lang='lat' dir='ltr'><strong>Din-</strong></span> 
     </span>
     <span class='ocr_line' id='line_1_36' title="bbox 419 4422 1104 4491; baseline -0.004 -15"><span class='ocrx_word' id='word_1_296' title='bbox 419 4423 539 4477; x_wconf 85' lang='lat' dir='ltr'><strong>dorfium</strong></span> <span class='ocrx_word' id='word_1_297' title='bbox 557 4422 590 4488; x_wconf 85' lang='lat' dir='ltr'><strong>V,</strong></span> <span class='ocrx_word' id='word_1_298' title='bbox 608 4440 635 4491; x_wconf 88' lang='lat' dir='ltr'><strong>p.</strong></span> <span class='ocrx_word' id='word_1_299' title='bbox 649 4427 707 4476; x_wconf 76' lang='lat'>206.</span> <span class='ocrx_word' id='word_1_300' title='bbox 1101 4444 1104 4449; x_wconf 60' lang='lat'>¹</span> 
     </span>
    </p>

    <p class='ocr_par' dir='ltr' id='par_1_13' title="bbox 505 4501 1408 4576">
     <span class='ocr_line' id='line_1_37' title="bbox 505 4501 1408 4576; baseline -0.004 -15"><span class='ocrx_word' id='word_1_301' title='bbox 505 4515 521 4562; x_wconf 88' lang='grc'><strong>3</strong></span> <span class='ocrx_word' id='word_1_302' title='bbox 540 4506 607 4560; x_wconf 80' lang='lat' dir='ltr'><strong>Cod.</strong></span> <span class='ocrx_word' id='word_1_303' title='bbox 626 4524 668 4576; x_wconf 91' lang='lat' dir='ltr'><strong>pr.</strong></span> <span class='ocrx_word' id='word_1_304' title='bbox 687 4524 723 4559; x_wconf 90' lang='lat' dir='ltr'><strong>m.</strong></span> <span class='ocrx_word' id='word_1_305' title='bbox 740 4511 846 4573; x_wconf 74' lang='lat' dir='ltr'><strong>popolo,</strong></span> <span class='ocrx_word' id='word_1_306' title='bbox 881 4502 921 4558; x_wconf 81' lang='lat' dir='ltr'><strong>Of.</strong></span> <span class='ocrx_word' id='word_1_307' title='bbox 941 4519 1052 4571; x_wconf 88' lang='lat' dir='ltr'><strong>quoque</strong></span> <span class='ocrx_word' id='word_1_308' title='bbox 1070 4521 1127 4559; x_wconf 89' lang='lat' dir='ltr'><strong>var.</strong></span> <span class='ocrx_word' id='word_1_309' title='bbox 1145 4504 1209 4558; x_wconf 85' lang='lat' dir='ltr'><strong>lect.</strong></span> <span class='ocrx_word' id='word_1_310' title='bbox 1227 4502 1257 4556; x_wconf 90' lang='lat' dir='ltr'><strong>in</strong></span> <span class='ocrx_word' id='word_1_311' title='bbox 1273 4501 1408 4571; x_wconf 84' lang='lat' dir='ltr'><strong>margine.</strong></span> 
     </span>
    </p>
   </div>
   <div class='ocr_carea' id='block_1_8' title="bbox 504 4590 927 4745">
    <p class='ocr_par' dir='ltr' id='par_1_14' title="bbox 504 4590 927 4745">
     <span class='ocr_line' id='line_1_38' title="bbox 504 4590 927 4659; baseline -0.007 -15"><span class='ocrx_word' id='word_1_312' title='bbox 504 4597 522 4644; x_wconf 87' lang='lat'><strong>4</strong></span> <span class='ocrx_word' id='word_1_313' title='bbox 541 4590 607 4644; x_wconf 80' lang='lat' dir='ltr'><strong>Cod.</strong></span> <span class='ocrx_word' id='word_1_314' title='bbox 627 4608 669 4659; x_wconf 93' lang='lat' dir='ltr'><strong>pr.</strong></span> <span class='ocrx_word' id='word_1_315' title='bbox 688 4608 724 4644; x_wconf 95' lang='lat' dir='ltr'><strong>m.</strong></span> <span class='ocrx_word' id='word_1_316' title='bbox 744 4595 927 4658; x_wconf 68' lang='lat' dir='ltr'><strong>superationem.</strong></span> 
     </span>
     <span class='ocr_line' id='line_1_39' title="bbox 505 4674 909 4745; baseline -0.012 -13"><span class='ocrx_word' id='word_1_317' title='bbox 505 4681 522 4732; x_wconf 80' lang='lat'>5</span> <span class='ocrx_word' id='word_1_318' title='bbox 539 4674 640 4745; x_wconf 83' lang='lat' dir='ltr'><strong>Incipit</strong></span> <span class='ocrx_word' id='word_1_319' title='bbox 658 4674 724 4732; x_wconf 77' lang='lat' dir='ltr'><strong>eod.</strong></span> <span class='ocrx_word' id='word_1_320' title='bbox 743 4674 807 4729; x_wconf 84' lang='lat' dir='ltr'><strong>Vat.</strong></span> <span class='ocrx_word' id='word_1_321' title='bbox 826 4693 853 4745; x_wconf 92' lang='lat' dir='ltr'><strong>p.</strong></span> <span class='ocrx_word' id='word_1_322' title='bbox 868 4678 909 4727; x_wconf 89' lang='grc'><strong>89.</strong></span> 
     </span>
    </p>
   </div>
   <div class='ocr_carea' id='block_1_9' title="bbox 0 0 2076 5659">
    <p class='ocr_par' dir='ltr' id='par_1_15' title="bbox 0 0 2076 5659">
     <span class='ocr_line' id='line_1_40' title="bbox 0 0 2076 5659; baseline 0 3"><span class='ocrx_word' id='word_1_323' title='bbox 0 0 2076 5659; x_wconf 95' lang='lat' dir='ltr'><strong> </strong></span> 
     </span>
    </p>
   </div>
  </div>
 </body>
</html>
