4142 5659
516 677 556 742 90
615 623 619 631 Ι
727 675 764 729 Μ.
780 672 949 730 CORNELII
966 670 1174 727 FRONTONIS
1192 669 1449 725 EPISTULARUM

516 848 657 912 crastino
679 846 886 931 praeparabo
923 844 1110 908 Victorinus
1133 845 1243 906 noster
1266 845 1356 926 aget:
1379 863 1420 905 ne
1442 865 1493 906 me
1516 846 1664 908 acturum

514 953 618 1034 putes.
662 948 744 1013 Vale
766 948 904 1011 Domine
927 946 1119 1012 dulcissime.
1164 944 1338 1008 Dominam
1361 944 1475 1009 saluta.

740 1116 849 1184 XLV.
872 1117 928 1182 66.
961 1115 1135 1198 Magistro
1157 1114 1232 1181 lllco
1256 1110 1431 1205 Salutem.

599 1255 729 1318 Auxisti
758 1247 850 1317 curas
882 1253 986 1335 mihi,
1008 1274 1088 1336 quas
1116 1254 1192 1336 opto
1220 1273 1316 1334 quam
1346 1252 1486 1334 primum
1507 1254 1631 1317 relcbes
1641 1253 1661 1335 ¹,

493 1358 633 1423 sedatis
656 1357 715 1420 tibi
739 1355 899 1420 doloribus
922 1377 1024 1439 genus
1048 1357 1080 1417 et
1101 1354 1255 1438 inguinis,
1284 1353 1337 1417 Mc
1360 1357 1468 1417 autem
1490 1356 1663 1419 infirmitas

513 1459 671 1523 Dominae
700 1480 789 1521 meae
817 1457 930 1520 matris
959 1456 1122 1540 quiescere
1150 1477 1216 1521 non
1245 1456 1332 1519 sinit.
1378 1454 1427 1518 Eo
1456 1457 1580 1520 accedit
1609 1458 1662 1520 ad-

513 1560 741 1644 propinquatio
774 1562 886 1643 partus
914 1558 1098 1622 Faustinae.
1144 1556 1206 1621 Sed
1234 1558 1392 1621 confidere
1421 1559 1470 1621 dis
1499 1559 1660 1623 debemus.

513 1662 594 1726 Vale
616 1663 660 1726 mi
683 1662 837 1746 magister
868 1660 1097 1724 iucundissime
1119 1657 1209 1722 rnihi.
1254 1659 1359 1723 Mater
1380 1681 1452 1723 mea
1475 1663 1507 1724 te
1530 1661 1659 1726 salutat.

757 1786 759 1789 ²
836 1829 965 1896 xnvr.
989 1829 1046 1895 cl.
1070 1827 1332 1895 commoneo.

597 1969 672 2052 Ipsa
695 1969 755 2051 die,
780 1990 843 2052 qua
864 1967 1023 2050 proficisci
1047 1966 1258 2048 destinabam,
1283 1987 1386 2049 genus
1406 1966 1546 2029 dolorem
1562 1970 1657 2032 sensi.

513 2070 612 2155 Spero
633 2071 668 2134 in
690 2071 801 2153 paucis
825 2069 935 2133 diebus
957 2090 1008 2132 me
1030 2071 1117 2132 recte
1139 2068 1217 2131 fore.
1263 2067 1344 2131 Vale
1365 2068 1504 2153 Domine
1527 2069 1656 2159 optime.

511 2170 683 2262 Dominam
706 2172 819 2236 saluta.

715 2341 866 2407 XLVII.
889 2341 946 2406 6⁶2.
979 2340 1153 2423 Magistro
1174 2340 1251 2426 lico
1275 2336 1450 2406 Salutem.

594 2478 690 2542 Nunc
713 2477 850 2560 denique
865 2480 951 2560 opt0,
976 2477 1020 2539 mi
1034 2479 1200 2560 magister,
1223 2476 1412 2540 iucundiora
1427 2477 1564 2542 indices:
1580 2501 1656 2542 nam
1694 2528 1699 2537 .

510 2580 647 2643 doluisse
669 2584 702 2643 te
724 2580 758 2642 in
781 2578 814 2641 id
836 2581 973 2661 tempus,
1003 2599 1065 2662 quo
1091 2577 1169 2641 mihi
1193 2577 1365 2660 scribebas
1400 2578 1528 2642 litterae
1553 2580 1655 2644 decla-

414 2707 422 2711 ’·
509 2685 594 2745 rant.
638 2680 729 2744 Haec
751 2680 962 2743 obambulans
984 2679 1112 2743 dictavi.
1160 2678 1245 2742 Nam
1268 2702 1340 2741 eum
1362 2683 1485 2742 motum
1507 2681 1542 2744 in
1564 2705 1655 2765 prae-

509 2784 613 2846 sentia
642 2784 724 2846 ratio
759 2782 954 2865 corpusculei
990 2781 1200 2845 desiderabat.
1245 2781 1489 2844 Vindemiarum
1507 2782 1530 2866 {²
1547 2788 1655 2848 autem

508 2885 648 2969 gratiam
669 2906 757 2948 nunc
785 2884 912 2947 demum
939 2885 1101 2967 integram
1124 2883 1261 2947 sentiam
1269 2882 1291 2965 ³,
1323 2905 1395 2946 cum
1422 2887 1478 2947 tua
1507 2885 1655 2951 valetudo

506 2986 664 3070 placatior
686 3008 754 3051 esse
777 2986 869 3049 nobis
893 2985 1043 3069 coeperit.
1067 2984 1150 3049 Vale
1171 2985 1214 3048 mi
1238 2985 1466 3049 iucundissime
1487 2989 1652 3073 magister.

808 3134 980 3222 xnvrn.
1004 3155 1061 3220 ca.
1091 3155 1243 3221 nonnae
1264 3154 1352 3221 nco.

590 3292 736 3375 Plantae,
760 3292 908 3374 Domine,
932 3291 1039 3355 dolore
1054 3291 1225 3384 impedior:
1248 3292 1319 3355 ideo
1343 3314 1396 3355 vos
1418 3315 1476 3375 per
1491 3294 1570 3358 istos
1586 3297 1652 3360 dies

505 3417 571 3458 non
594 3395 740 3459 salutavi.
786 3394 867 3458 Vale
889 3393 1026 3456 Domine
1049 3394 1178 3477 optime.
1224 3392 1396 3457 Dominam
1418 3394 1532 3458 saluta.

813 3562 951 3628 XLIX:
971 3561 1029 3628 64.
1058 3563 1231 3645 Magistro
1253 3563 1341 3628 Meo.

589 3698 688 3774 Quom
717 3699 843 3762 salubre
870 3699 931 3762 tibi
960 3702 1009 3762 est
1035 3699 1151 3762 facile⁴
1183 3700 1343 3783 progredi,
1378 3669 1457 3763 tunc
1490 3704 1523 3764 ct
1556 3704 1650 3767 nobis

505 3805 693 3884 conspectus
715 3803 790 3864 tuus
816 3801 877 3864 erit
905 3801 1072 3864 iucundus
1118 3800 1156 3864 ld
1177 3804 1214 3864 ut
1236 3823 1332 3884 quam
1355 3802 1494 3885 primum
1523 3806 1651 3868 eveniat

504 3907 536 3966 ct
558 3903 646 3966 dolor
667 3903 798 3986 plantae
820 3903 975 3987 quiescat,
999 3903 1031 3966 di
1046 3902 1167 3967 iuvent.
1190 3902 1272 3967 Vale
1287 3906 1331 3965 mi
1347 3903 1473 4002 optime⁸
1481 3906 1647 3989 magister.

867 4072 909 4137 L.
932 4073 989 4137 65.
1019 4072 1171 4138 Domino
1193 4072 1281 4138 Meo.

586 4208 657 4292 Ego
680 4209 869 4293 gravissime
892 4212 1037 4291 arreptus
1066 4231 1136 4272 sum
1157 4209 1275 4274 iterum
1303 4210 1344 4272 ab
1372 4209 1472 4273 altero
1500 4211 1645 4297 inguine.

475 4515 478 4518 -
535 4514 542 4529 =
587 4488 598 4534 1
618 4481 661 4534 lta
679 4480 780 4534 Codes.

585 4572 600 4619 2
618 4565 720 4634 Incipit
737 4564 803 4618 cod.
822 4565 886 4618 Vat.
905 4583 933 4634 p.
948 4570 988 4618 99.

584 4658 600 4704 3
618 4649 722 4703 Codex:
741 4655 903 4716 sententiam,
922 4649 970 4703 sed
989 4649 1084 4703 statim
1103 4667 1172 4704 corr.

585 4740 601 4790 4
620 4733 791 4807 Schopenus:
811 4745 849 4788 ese
868 4734 897 4790 ct
913 4739 998 4792 facile.
