4142 5659
768 647 968 730 EPISTULAE
988 674 1164 730 GRAEOAE.
1473 679 1538 754 249
1575 670 1581 675 ’

390 849 493 915 αἰτίαν
517 847 615 914 αὐτὸ(
637 848 842 930 όποβάλλων.
887 849 926 913 Οἱ
947 850 1004 927 μὲν
1026 849 1105 930 γάρ,
1130 848 1175 913 ῶε
1197 851 1234 914 εὐ
1257 853 1332 934 φῄε,
1355 849 1457 915 ἄλλον
1481 849 1536 915 άλ-

391 957 451 1017 λου
474 952 677 1031 προτιθέαειν
707 952 839 1016 οἱκατὰ
861 952 1011 1031 διαθήκαε
1034 951 1251 1030 χαριζόμενοι·
1285 953 1365 1033 φημὶ
1387 955 1426 1032 δὴ
1449 955 1536 1033 παρὰ
1599 953 1603 960 ’

390 1055 518 1120 τούτων
551 1053 723 1134 λαμβάνειν
751 1055 932 1132 προεήκειν.
978 1053 1017 1117 Οἱ
1044 1054 1080 1117 δ’
1102 1053 1142 1116 αὖ
1165 1058 1300 1133 ζῶντεε,
1328 1054 1373 1119 ῶε
1402 1056 1438 1118 ευ
1461 1059 1536 1139 φῄε,

391 1157 517 1221 ἑαυτῶν
540 1157 616 1219 τοὺε
639 1157 754 1236 φίλου(
762 1205 771 1238 ,
796 1154 844 1220 οἷε
866 1155 1060 1237 χαρίζονται,
1085 1160 1294 1236 προτιμῶειν·
1329 1158 1373 1220 δι’
1396 1157 1475 1221 αὐτὸ
1500 1159 1536 1220 δὲ

389 1263 488 1324 τοῦτο
511 1259 590 1339 φημὶ
618 1261 685 1322 δεῖν
708 1259 747 1322 τὰ
774 1258 964 1336 πεμπόμενα
985 1259 1026 1336 μὴ
1050 1259 1241 1337 προείεεθαι.
1289 1260 1373 1337 Βαρὺ
1395 1260 1458 1337 γὰρ
1481 1258 1536 1322 ὄν-

389 1381 454 1426 τωε
476 1361 526 1424 καὶ
550 1358 766 1437 ὑπεροπτικὸν
788 1361 839 1423 καὶ
859 1359 1071 1442 τυραννικόν,
1098 1359 1143 1424 ῶε
1165 1361 1309 1438 ἀληθῶε,
1332 1361 1369 1424 τὸ
1392 1362 1536 1440 δέχεεθαι
1599 1400 1602 1405 ·
1652 1400 1657 1412 ι

389 1465 447 1527 τὰε
469 1462 619 1526 τοιαύταε
642 1462 857 1544 προτιμήεειε,
887 1462 922 1527 ἐν
946 1461 996 1526 αἷε
1025 1463 1044 1526 δ
1073 1469 1172 1541 τιμῶν
1196 1463 1308 1541 ἕτερον
1331 1463 1428 1540 δῆλόε
1452 1463 1535 1528 ἐετιν

391 1565 488 1630 αὐτὸ(
511 1565 611 1629 αὑτὸν
635 1563 794 1654 ἀτιμάζων
818 1565 869 1628 καὶ
892 1565 927 1630 ἐν
943 1565 1083 1645 δευτέρῳ
1099 1565 1192 1628 τιθεῖ(
1207 1568 1265 1627 τοῦ
1282 1566 1537 1644 προτιμωμένου.

392 1666 475 1731 Οὐδὲ
503 1666 564 1746 γὰρ
592 1665 694 1731 ἵππον
718 1666 873 1746 ἀναβαίην
896 1665 953 1738 ἄν,
982 1666 1045 1747 ἀφ’
1068 1665 1107 1730 οὗ
1130 1667 1269 1746 καταβάε
1291 1666 1389 1730 αὐτό(
1416 1688 1462 1731 τιε
1485 1670 1536 1732 καὶ

392 1767 540 1850 βαδίζων,
563 1769 618 1846 ἐμὲ
641 1771 676 1833 δὲ
697 1769 884 1836 ἱππάζεεθαι
907 1768 1022 1847 ἀξιοίη·
1045 1768 1123 1832 οὐδὲ
1143 1769 1178 1833 ἐν
1201 1769 1325 1851 θεάτρῳ
1348 1769 1535 1849 καθεζοίμην

391 1871 461 1953 ἂνῖ,
486 1869 588 1934 ἄλλου
616 1892 669 1949 μοι
691 1869 963 1954 ὑπανιεταμένου,
995 1871 1073 1935 οὐδὲ
1099 1871 1224 1949 ἱμάτιον
1254 1871 1401 1949 δεξαίμην
1431 1871 1470 1936 ἂν
1499 1872 1535 1936 ἐν

391 1977 553 2051 χειμῶνοε·
567 1971 653 2054 ὥρᾳ,
676 1971 765 2036 εἴτιε
781 1972 1005 2052 ἀποδυόμενοε
1031 1971 1183 2058 ίῖῥιγῴη3
1206 1974 1263 2051 μέν
1287 1972 1401 2051 αὐτόε,
1424 1973 1479 2052 ἐμὲ
1501 1974 1537 2037 δέ

391 2074 592 2155 ἀμφιεννύοι.
638 2073 836 2155 Οίκειότεροε
862 2077 925 2155 γὰρ
954 2075 1051 2140 αὐτὸ(
1079 2075 1210 2139 έκαετοε
1237 2075 1324 2160 αὐτῷ
1356 2077 1406 2140 καὶ
1428 2093 1536 2154 προτι-

391 2179 502 2256 μᾶεθαι
523 2176 605 2253 πρόε
628 2176 728 2241 αὑτοῦ
750 2177 955 2256 δικαιότεροε.

476 2280 543 2363 Φῂε
566 2279 601 2342 δὲ
623 2279 709 2345 Ξένια
731 2281 772 2357 μὴ
795 2280 970 2357 πέμπεεθαι
993 2284 1086 2345 θεοῖε.
1118 2280 1159 2343 Ἣ
1178 2279 1251 2358 οὐχὶ
1272 2280 1359 2345 Ξένια
1379 2277 1438 2342 τὰ4
1461 2298 1536 2358 ψαι-

393 2382 460 2460 (τά,
483 2381 618 2445 πόπανα
640 2381 690 2444 καὶ
711 2380 769 2445 τὸ5
791 2382 861 2460 μέλι
889 2384 940 2445 καὶ
969 2381 987 2445 ὁ
1019 2381 1110 2469 οίνοε
1140 2381 1383 2465 ᾧεπένδομεν;
1413 2379 1458 2445 ῶε
1486 2382 1537 2444 καὶ

368 2485 428 2549 τὸ
450 2483 534 2560 γάλα
556 2484 606 2547 καὶ
628 2484 668 2548 τὰ
691 2483 857 2562 επλάγχνα
878 2484 917 2547 τὰ
932 2487 998 2549 τῶν
1021 2484 1162 2562 ἱερείων·
1185 2484 1236 2547 καῖ
1258 2483 1276 2547 ὸ
1300 2483 1478 2564 λιβανωτὸε
1501 2485 1537 2547 δέ

390 2589 498 2654 Ξένιον
519 2589 605 2649 θεοῦ.
1305 2581 1312 2586 ’

475 2689 584 2752 Ταῖιτα
611 2689 668 2765 μὲν
695 2688 778 2767 πρὸ(
806 2688 845 2752 τά
872 2686 937 2750 ὑπὸ
966 2692 1024 2751 cois
1059 2694 1171 2769 εοφῶε
1199 2689 1250 2751 καὶ
1276 2691 1423 2752 πιθανῶε
1442 2687 1537 2752 ’πάνυ
1564 2693 1567 2696 ”

391 2790 551 2869 δημυείων
580 2811 614 2854 τε
644 2790 693 2852 καὶ
721 2788 815 2853 θείων
844 2789 894 2852 καὶ
922 2793 1082 2868 διαθηκῶν
1106 2791 1177 2868 πέρι
1199 2791 1424 2868 προτεθέντων
1448 2790 1537 2854 ένθυ-

391 2894 522 2971 μήματα.
568 2893 614 2956 Τά
637 2894 672 2979 δὲ
694 2892 778 2971 παρ’
801 2891 879 2968 ἐμοῦ
901 2894 1001 2954 ταῦτα
1023 2891 1156 2969 εἰρήεθω
1179 2891 1231 2954 διὰ
1247 2890 1424 2971 βραχέωνθ.
1455 2892 1537 2955 Ὅεα

391 2994 498 3060 αἰτεῖν
512 2995 642 3059 ἀναιδὲε
665 2994 715 3056 καὶ
738 2993 926 3072 φιλοκερδὲε
950 2992 1000 3054 καὶ
1015 2991 1253 3068 πλεονεκτικόν,
1276 2996 1376 3056 ταῦτα
1391 2993 1440 3056 καὶ
1455 2994 1537 3070 παρ’

391 3095 523 3161 ἑκόντα(
546 3096 717 3175 λαμβάνειν
741 3094 860 3172 ὁμοίω(
883 3094 1036 3159 ἀναιδοῖιε
1062 3094 1151 3158 τινόε
1172 3095 1223 3158 καὶ
1245 3097 1458 3173 φιλοκερδοθε
1480 3093 1536 3158 ἀν-

391 3199 468 3276 δρὸε
491 3200 541 3262 καὶ
563 3197 776 3262 πλεονέκτου·
799 3196 896 3261 αἰτεῖν
918 3196 953 3259 δέ
968 3216 1004 3270 γε
1027 3197 1067 3259 τὰ
1089 3196 1211 3274 μεγάλα
1233 3195 1370 3271 ἀναιδέε,
1393 3196 1478 3259 πολὺ
1501 3198 1536 3259 δὲ

392 3299 513 3379 μᾶλλόν
535 3321 572 3375 γε
596 3301 775 3380 λαμβάνειν.
822 3299 878 3362 Καὶ
905 3299 1002 3362 οὐδὲν
1025 3299 1197 3375 διήνεγκεν
1226 3297 1253 3361 εἰ
1280 3299 1360 3376 παρ’
1383 3296 1535 3361 ἑκόντοε7

392 3402 548 3482 λαμβάνοι
580 3422 627 3465 τιε
650 3451 795 3464 .......
803 3400 815 3440 ⁸
848 3400 869 3463 ἃ
901 3401 978 3464 τοὺε
1011 3400 1069 3478 μὲν
1104 3399 1291 3477 πέμποντα(
1324 3400 1537 3477 πενεετέρουε

478 3593 491 3639 1
511 3585 612 3640 Omisit
627 3585 726 3652 Maius,
745 3584 868 3639 sednon
886 3584 987 3638 desunt
1003 3584 1034 3637 in
1053 3583 1153 3638 Codice
1171 3582 1299 3652 vestigia.

478 3677 493 3723 2
511 3670 613 3739 Incipit
631 3669 697 3724 Ood.
716 3688 743 3739 p.
765 3675 821 3724 143.

477 3761 492 3809 3
510 3754 599 3809 Μαίων
616 3753 687 3824 legii
703 3772 812 3823 ριπωη,
832 3753 936 3808 amicus
953 3771 1072 3822 ρειπωη.
1098 3753 1225 3808 Correxit
1241 3753 1390 3808 Iacobsius.

476 3838 572 3893 40m.
591 3838 690 3893 Maius.
995 3852 999 3857 ·
1033 3886 1036 3897 ,

477 3923 663 3994 5Perperam
679 3923 768 3978 Maius
786 3941 827 3978 τε,
858 3921 986 3977 Correxit
1003 3923 1153 3978 Ιαοοδοίαο.
1189 3923 1378 3979 Memorabilis
1397 3923 1440 3976 esi
1457 3921 1536 3976 Codi-

392 4007 431 4062 cis
449 4009 532 4077 lectiq
550 4011 566 4062 δ
585 4011 781 4074 επενδδμενοε.
1153 4043 1160 4055 ·

478 4100 494 4147 θ
513 4091 580 4147 eod.
601 4094 770 4158 ΒΡιΑΧΕΩΝ,
787 4091 915 4146 imixta
931 4091 1027 4147 littera
1044 4092 1140 4147 latina.

478 4184 493 4230 7
512 4175 618 4231 Codex:
641 4179 823 4244 παρέχοντος,
842 4176 917 4244 quod
934 4176 1194 4230 inetur'lacobsiim.
1280 4243 1281 4247 ρ

477 4267 493 4315 8
510 4260 599 4315 Maius
616 4260 646 4314 in
663 4262 793 4315 laeunoso
811 4262 873 4317 Ιοοο
891 4278 992 4332 parum
1008 4262 1150 4315 accurate:
1179 4262 1315 4327 λαμβάνοι
1332 4277 1374 4314 τι(
1392 4252 1411 4327 ἢ
1428 4260 1486 4313 ἀπὸ
1504 4302 1510 4312 .
1528 4302 1535 4314 .

392 4389 399 4401 .
419 4390 425 4400 .
445 4346 535 4401 αἰτεῖν
554 4347 620 4400 οὐδέ
638 4347 789 4414 λαμβάνειν
809 4390 814 4401 .
831 4341 840 4400 ’.
860 4349 933 4401 αὐτὰ
951 4349 1028 4414 δῶρα
1046 4349 1119 4414 χρὴ.
1140 4387 1146 4399 .
1165 4346 1271 4400 αὐτοὺ(
1290 4346 1340 4411 μέν
1358 4347 1536 4417 τιέμπονταε,Ι

391 4431 444 4487 cet.
480 4430 525 4484 Du
541 4431 614 4486 Rieu
631 4430 789 4500 descripsit:

749 4572 755 4623 1
775 4609 781 4620 .
792 4567 804 4620 λ
816 4567 874 4623 ΑΦΙ
894 4607 1104 4621 .........

596 4694 763 4709 .......
782 4654 1103 4707 ΥΤΑΙ.........

597 4740 619 4791 Τ
639 4778 645 4791 .
665 4779 670 4790 .
691 4737 951 4793 ΚΕΝΙΩΑΙΤΕΙΝΑΛ
970 4778 1112 4791 ......
