4142 5659
512 681 553 750 82
645 733 647 736 ,
722 676 1441 741 1001111111111110111011111111101111οΜ

511 853 578 939 dor,
611 859 766 940 quantam
787 856 991 921 vexationem
1011 857 1073 920 tibi
1095 857 1155 921 iste
1178 856 1267 921 dolor
1290 858 1414 922 adferre
1437 859 1548 943 soleat,
1583 881 1657 944 gra-

509 959 672 1022 vissimam
705 958 953 1022 sollicitudinem
988 959 1104 1042 patior.
1154 958 1216 1023 Sed
1249 982 1300 1023 me
1327 960 1423 1042 levat,
1452 961 1536 1043 quod
1563 983 1657 1044 spero

508 1059 564 1122 illo
586 1061 701 1143 spatie,
736 1081 797 1143 quo
824 1061 1047 1144 perferebatur
1074 1060 1156 1124 huo¹
1190 1061 1335 1144 1111111111,Ι
1370 1063 1511 1145 potuisse
1545 1063 1656 1126 cedere

507 1161 659 1225 fomentis
682 1165 714 1225 et
736 1163 883 1226 remediis
906 1184 1034 1227 omnem
1055 1161 1145 1226 illam
1168 1163 1381 1243 vim-doloris.
1426 1162 1494 1227 Nos
1518 1165 1656 1228 aestivos

509 1263 629 1327 calores
657 1263 761 1327 adhue
790 1250 987 1348 experimur:
1017 1265 1073 1328 sed
1096 1287 1168 1329 eum
1189 1265 1339 1348 parvolae
1361 1267 1507 1348 nostrae,
1536 1266 1655 1329 dixisse
1680 1316 1682 1318 v

506 1364 612 1448 liceat,
638 1366 800 1430 commode
821 1366 961 1450 valeant,
991 1388 1080 1430 mera
1108 1367 1296 1430 salubritate
1319 1371 1352 1430 11
1374 1389 1472 1431 verna
1499 1369 1655 1450 temperie

504 1466 569 1529 frui
591 1489 650 1531 nos
673 1468 902 1532 existimamus.
946 1467 1028 1532 Vale
1050 1469 1094 1531 mi
1117 1468 1236 1552 optime
1258 1469 1423 1559 magister.

851 1637 935 1703 XX.
958 1635 1018 1702 35.
1052 1637 1204 1703 Domino
1226 1638 1313 1704 Meo.

589 1770 679 1838 Patri
701 1778 757 1862 tuo
778 1775 831 1838 fac
854 1777 968 1838 notum
989 1774 1027 1836 de
1050 1773 1238 1837 infirmitate
1260 1764 1341 1837 mea.
1376 1774 1430 1838 An
1452 1797 1503 1838 me
1526 1797 1651 1860 quoque
1741 1830 1744 1834 ⁴

504 1877 642 1940 seribere
664 1877 694 1940 ei
716 1877 830 1940 debere
852 1878 956 1959 putes,
981 1875 1084 1939 scribe
1107 1874 1196 1938 mihi.
1473 1889 1476 1893 ’

824 2044 947 2110 XXI.
970 2045 1027 2110 36.
1062 2044 1306 2127 Rescriptum.

586 2181 714 2265 Statim,
738 2182 782 2244 mi
805 2181 970 2265 magister,
994 2181 1145 2271 indicabo
1168 2181 1306 2244 Domino
1329 2202 1399 2245 meo
1421 2183 1667 2246 necessitatem

501 2282 595 2347 huius
621 2284 739 2367 quietis
771 2286 862 2346 tuae:
896 2283 991 2346 velim
1024 2286 1134 2347 tamen
1163 2286 1195 2346 et
1227 2306 1246 2346 a
1272 2286 1305 2346 te
1333 2283 1439 2346 scribi.
1484 2282 1567 2347 Vale
1605 2287 1650 2347 mi
1679 2361 1686 2366 .

499 2386 619 2469 optime
642 2388 675 2449 11
695 2385 921 2449 iucundissime
943 2385 1108 2468 magister.
1603 2375 1605 2377 ’

698 2584 701 2587 ·
813 2536 948 2620 XXII.
972 2553 1028 2618 37.
1062 2523 1214 2619 Domino
1236 2554 1353 2620 Meo„

586 2690 882 2774 Egoprodormi12.
916 2690 1087 2754 Materiam
1109 2690 1182 2753 misi
1204 2690 1279 2753 tibi:
1303 2712 1353 2754 res
1376 2692 1459 2754 seria
1475 2694 1534 2755 est.
1566 2690 1648 2756 Con-

500 2793 550 2855 sul
571 2793 681 2876 populi
703 2793 838 2875 romani,
862 2792 968 2876 posita
989 2794 1168 2875 praetexta,
1192 2792 1352 2855 manicam
1374 2792 1490 2875 induit,
1521 2793 1648 2858 leonem

499 2896 585 2958 inter
618 2895 749 2957 iuvenes
783 2893 1029 2977 quinquatribus
1068 2894 1227 2977 percussit
1258 2893 1377 2977 populo
1410 2915 1542 2958 romano
1578 2919 1648 2979 spe-

501 3000 619 3059 ctante.
663 2996 754 3079 Aput
787 3017 933 3059 censores
967 2995 1179 3077 expostulatl.
1199 2995 1474 3079 l⁴A1ucueducou‚
1501 2997 1647 3076 adiutor.

498 3096 579 3160 Vale
602 3097 739 3160 Domine
761 3092 971 3160 dulcissime5.
1015 3096 1189 3159 Dominam
1211 3096 1324 3159 saluta.

819 3264 966 3331 XXIII.
989 3264 1047 3330 38.
1080 3263 1324 3347 Rescriptum.

584 3402 717 3478 Quando
746 3403 779 3467 id
799 3401 945 3465 factum?
974 3404 1006 3465 et
1034 3424 1077 3465 an
1099 3399 1244 3465 Romae?
1287 3399 1374 3464 Num
1400 3401 1480 3464 illud
1508 3403 1588 3466 dicis
1611 3405 1664 3467 in

499 3505 627 3568 Albano
648 3505 771 3567 factum
799 3504 858 3567 sub
886 3502 1115 3567 Domitianol‘?
1157 3502 1328 3566 Praeterea
1355 3504 1389 3565 in
1418 3502 1479 3566 hac
1509 3508 1646 3568 materia

498 3607 617 3670 diutius
632 3605 843 3669 laborandum
858 3608 917 3688 est,
929 3609 967 3668 ut
981 3605 1105 3668 factum
1121 3605 1278 3686 credatur,
1292 3625 1389 3687 quam
1404 3609 1441 3667 ut
1455 3606 1643 3669 irascatur7.

416 3698 421 3704 ¹
497 3709 667 3773 Ἀπίθανο(
690 3708 837 3772 ὑπόθεειε
865 3709 988 3772 videtur
1016 3707 1106 3790 mihi,
1135 3707 1219 3790 quod
1247 3705 1343 3788 plane
1365 3706 1538 3790 baluoeis⁸‚
1568 3731 1644 3791 qua-

496 3809 560 3872 lem
582 3809 747 3892 petieram.
791 3808 944 3873 Rescribe
967 3809 1078 3872 statim
1101 3809 1139 3871 de
1161 3811 1313 3890 tempore.

585 3986 598 4031 l
618 3977 723 4031 Codex:
742 3982 797 4032 loe.
833 3978 921 4032 Maius
939 3976 1036 4031 scribit
1053 3983 1101 4031 tie.

582 4070 598 4116 ·2
616 4061 687 4116 Vide
706 4061 742 4115 ad
759 4062 886 4116 indicem.

582 4155 598 4202 3
616 4145 790 4216 Schopenus:
810 4155 996 4216 expostulatur.

488 4244 491 4250 '
581 4239 598 4284 4
615 4231 716 4301 Incipit
734 4231 800 4286 cod.
813 4232 886 4286 'Vat'
903 4251 930 4301 p.
945 4238 1001 4287 101.

582 4324 598 4370 5
615 4315 767 4385 Perperam
784 4316 885 4370 Maius:
903 4322 1086 4371 iracundissimo.

583 4401 651 4454 tos.
672 4400 746 4455 Suet.
765 4401 794 4454 in
812 4401 859 4456 vit.
880 4418 901 4454 c.
916 4406 939 4453 4.

582 4490 596 4537 7
615 4483 786 4554 Sohopenus:
805 4496 937 4552 0119111111.

580 4573 595 4621 8
614 4569 656 4622 Ita
674 4569 816 4623 evidenter
835 4569 935 4623 (lodex.
967 4568 1022 4623 Sed
1040 4569 1177 4638 quidhoc
1194 4571 1310 4623 monstri
1328 4572 1387 4624 est?
1416 4570 1491 4624 Iusto
1510 4571 1641 4626 audacius

495 4654 667 4722 Schopenus:
686 4656 822 4709 ἀπίθανος
841 4657 971 4708 dudeco(
990 4660 1090 4709 viderur
1107 4660 1171 4715 mihi,
1193 4672 1249 4708 non
1272 4655 1320 4708 ubi
1338 4655 1459 4708 clamare
1477 4655 1562 4710 liceat
1580 4679 1641 4726 qua-

463 4804 465 4807 ·
493 4746 541 4793 lem
557 4744 689 4807 petieram.
725 4739 815 4805 Latet,
833 4740 865 4792 ut
884 4738 1185 4804 videtur‚,voeabulum
1204 4740 1349 4794 Graecum.
