4142 5659
507 646 547 709 88
718 644 754 696 M.
768 642 936 697 CORNELII
953 642 1162 697 FRONTONIS
1180 642 1438 698 EPISTULARUM

508 817 577 879 sine
599 815 664 878 ullo
686 815 780 898 pulsu
808 836 962 878 venarum
990 815 1097 878 animo
1122 814 1205 879 male
1227 815 1333 879 fieret:
1362 816 1499 900 denique
1529 817 1654 880 concla-
1708 810 1716 817 ’

507 920 613 980 malus
636 939 706 980 sum
720 917 855 999 nostris.;
878 939 981 1001 neque
997 917 1083 980 sensi
1106 916 1307 1000 aliquandiu:
1330 939 1372 980 ne
1386 917 1502 980 valneo
1525 919 1654 1002 quidem

417 1025 421 1027 ’
508 1023 564 1083 aut
584 1019 704 1103 frigida
727 1021 783 1082 aul
805 1019 875 1082 cibo
897 1019 1063 1083 recreandi
1090 1041 1141 1082 me
1163 1041 1201 1083 ac
1221 1020 1351 1083 fovendi
1373 1019 1505 1082 medicis
1527 1023 1654 1104 tempus

509 1124 564 1185 aut
585 1121 710 1185 occasio
733 1121 818 1203 dala,
842 1121 905 1184 nisi
919 1125 993 1204 posl
1008 1143 1175 1205 vesperam
1189 1121 1380 1185 miculamm
1394 1121 1564 1184 minimum
1582 1143 1654 1184 cum

507 1224 583 1287 vino
606 1223 802 1286 destillatum
824 1223 984 1314 gluttine
1012 1223 1064 1287 na
1081 1224 1103 1308 Γ
1120 1223 1271 1287 focilatus
1293 1227 1380 1286 lotus
1404 1224 1502 1287 sum².
1536 1223 1654 1288 Postea

507 1346 565 1408 per
598 1325 785 1388 continuum
817 1325 959 1388 triduum
992 1347 1103 1389 vocem
1134 1347 1201 1388 non
1233 1324 1418 1407 reciperavi.
1443 1325 1525 1390 sed
1554 1349 1652 1410 nunc,

509 1427 575 1490 deis
597 1427 792 1509 iuvantibus,
818 1412 1069 1494 commodissime
1093 1427 1191 1510 valeo,
1215 1427 1343 1491 facilius
1369 1427 1512 1510 ambulo,
1538 1428 1654 1492 clarius
1744 1484 1747 1493 ,

510 1530 654 1592 clamito:
683 1529 828 1612 denique,
860 1529 886 1592 si
915 1529 965 1592 dei
987 1530 1155 1611 iuvabunt,
1186 1551 1256 1593 cras
1278 1529 1424 1593 vehiculo
1452 1531 1575 1594 vectari
1603 1531 1654 1594 de-

509 1631 604 1694 stino.
630 1630 684 1695 Si³
706 1631 801 1694 facile
824 1631 946 1695 silicem
968 1631 1156 1713 toleravero,
1185 1633 1342 1715 quantum
1364 1634 1439 1714 pote
1464 1631 1503 1694 ad
1529 1634 1562 1694 le
1586 1654 1654 1695 our-

509 1755 592 1796 ram:
615 1737 685 1796 tum
706 1732 824 1815 vixero,
850 1755 921 1797 cum
943 1736 976 1797 le
998 1734 1115 1797 videro.
1161 1734 1213 1796 Ad
1234 1733 1307 1798 VII.
1324 1732 1396 1798 Kal.
1415 1732 1538 1799 Roma⁴
1560 1734 1655 1818 profi-

510 1837 621 1917 ciscar,
646 1835 691 1899 sei
714 1835 764 1897 dei
785 1835 951 1900 iuvabunt.
990 1834 1072 1899 Vale
1095 1835 1232 1898 Domine
1255 1836 1447 1919 dulcissime,
1472 1837 1654 1901 desideran-

508 1936 642 2020 tissime,
667 1958 762 2000 causa
785 1937 906 2020 optima
928 1939 1013 2002 vitae
1035 1959 1135 2002 meae.
1180 1937 1354 2002 Dominam
1376 1939 1489 2003 saluta.

673 2122 678 2133 ⁴
753 2166 850 2232 xm.
874 2167 931 2234 so.
960 2132 1140 2250 Magistros
1155 2168 1231 2233 neo
1254 2164 1428 2234 salutem.

593 2303 672 2366 Post
693 2307 819 2387 lempus
842 2307 874 2368 te
902 2305 1010 2368 videre
1041 2304 1217 2387 cupiebam.
1268 2302 1351 2378 Quid
1379 2308 1416 2367 tu
1444 2328 1555 2370 censes
1583 2310 1656 2391 post

509 2407 697 2489 periculum,
726 2406 810 2488 quod
836 2405 1005 2490 suffugisse
1027 2409 1071 2488 te,
1094 2406 1137 2468 mi
1161 2406 1326 2490 magister,
1356 2408 1474 2470 iterum
1503 2409 1571 2472 deis
1595 2431 1655 2493 ago

511 2508 643 2593 gratias,
673 2507 765 2570 lectis
794 2507 911 2570 litteris
934 2508 1013 2590 lum,
1042 2529 1124 2591 quae
1152 2530 1202 2570 me
1230 2530 1340 2571 rusum
1368 2508 1459 2591 quasi
1486 2514 1653 2591 renovant,

512 2633 583 2674 cum
607 2630 869 2672 commemorares
897 2631 959 2692 quo
986 2610 1021 2672 in
1049 2610 1119 2673 loco
1144 2610 1254 2691 fueris
1280 2611 1551 2674 consternarunl?
1595 2611 1656 2676 Sed

510 2712 613 2775 habeo
635 2713 668 2774 te
689 2711 757 2773 dis⁵
779 2709 975 2793 volentibus3
999 2714 1041 2793 el,
1065 2714 1102 2774 ut
1122 2712 1295 2795 mamillis,
1319 2712 1504 2794 propediem
1526 2714 1655 2778 videbo:

512 2817 544 2876 el
565 2813 647 2876 bene
670 2833 762 2895 spero
791 2812 828 2874 de
857 2812 942 2876 bona
969 2813 1068 2897 longa
1097 2813 1289 2876 valetudine.
1335 2813 1462 2878 Salulal
1493 2817 1526 2878 le
1553 2819 1657 2879 mater

511 2937 591 2979 mea.
636 2914 717 2978 Vale
739 2915 783 2976 mi
805 2915 1034 2978 iucundissime
1056 2915 1220 2999 magister.

838 3143 958 3209 XLII.
982 3144 1039 3209 57.
1069 3144 1221 3210 Domino
1243 3145 1331 3210 Meo.

596 3281 754 3344 Plurimos
777 3281 901 3345 natales
925 3281 991 3344 dies
1018 3281 1155 3344 liberum
1182 3284 1310 3344 luorum
1332 3282 1493 3365 prosperis
1523 3285 1587 3347 luis
1610 3307 1656 3348 re-

511 3384 570 3446 bus
594 3385 630 3444 ul
646 3384 796 3466 celebres,
819 3383 1008 3466 parentibus
1031 3383 1195 3466 probalus,
1219 3383 1338 3466 populo
1358 3387 1519 3467 acceptus,
1545 3388 1656 3450 amicis

511 3484 664 3568 probatus
673 3486 695 3567 ⁶,
722 3486 854 3548 fortuna
881 3488 914 3548 et
936 3506 1054 3569 genere
1083 3488 1115 3548 et
1136 3485 1205 3548 loco
1227 3488 1283 3547 luo
1311 3485 1438 3569 dignus,
1473 3489 1562 3551 omni
1591 3490 1657 3553 vila

512 3608 583 3649 mea
611 3586 781 3650 redemisse
811 3587 947 3669 cupiam,
982 3609 1049 3650 non
1080 3587 1142 3650 hac
1174 3587 1267 3650 modo
1285 3586 1310 3670 {⁷
1327 3588 1443 3671 exigua
1475 3589 1542 3652 vila
1576 3612 1656 3673 quae

512 3687 592 3750 mihi
620 3690 781 3772 superesi,
812 3689 866 3752 sed
892 3690 948 3753 illa
979 3690 1076 3753 eliam
1098 3711 1194 3772 quam
1215 3689 1296 3770 vixi,
1327 3689 1354 3751 si
1376 3711 1438 3772 quo
1460 3691 1553 3753 modo
1575 3691 1656 3755 inle-

598 3907 615 3944 a
634 3894 666 3942 In
684 3898 808 3960 nrurpine:
827 3892 991 3946 Mioularum
1008 3891 1153 3945 minimum
1172 3922 1200 3930 -
1221 3890 1340 3960 gluttivi.
1427 3881 1431 3896 ⁸

599 4120 612 4166 1
632 4113 733 4182 Incipit
751 4112 817 4166 Cod.
837 4113 899 4166 Val.
919 4131 946 4182 p.
961 4118 1001 4166 86.

599 4205 614 4252 2
633 4198 737 4252 Codex:
755 4218 808 4252 sum
826 4208 892 4254 totus
909 4217 970 4260 sitm,
989 4197 1037 4250 sed
1055 4197 1131 4266 prius
1149 4217 1201 4250 urm
1219 4196 1329 4252 videtur
1347 4199 1477 4253 deletum.
1507 4203 1605 4253 Motus.

598 4291 614 4339 3
633 4283 726 4337 Codex
743 4301 784 4352 pr.
804 4300 840 4336 m.
858 4290 888 4337 is.

598 4374 615 4422 4
633 4368 698 4422 Cod.
718 4373 820 4422 Romae.
857 4368 932 4422 Corr.
951 4367 1050 4420 Maius,

599 4461 615 4507 5
634 4453 699 4506 Cod.
719 4472 760 4522 pr.
780 4473 815 4507 m.
836 4458 915 4508 dehis.

599 4543 614 4590 6
632 4537 686 4591 Vix
704 4537 801 4591 dubito
815 4539 881 4606 quin
898 4539 943 4591 hic
961 4539 1006 4591 vel
1023 4555 1107 4606 supra
1124 4538 1253 4592 librarius
1270 4536 1430 4608 peccaverit
1440 4537 1484 4592 bis
1493 4539 1656 4597 inculcando

511 4626 637 4691 probatus·
655 4639 706 4690 pro
726 4623 780 4675 allo
799 4623 942 4676 vocabulo.
981 4627 1076 4678 Maius.

601 4706 815 4775 VIncipilCod.
835 4707 898 4761 Vae.
918 4727 945 4777 p.
960 4713 1000 4761 85.
