4142 5659
804 696 852 750 DE
869 695 1014 751 ΝΕΡΟΤΕ
1032 695 1173 750 Amisso,
1501 697 1566 762 233

421 866 512 930 nulla
533 866 610 929 fatis
638 867 823 930 diiudicatio
851 870 914 949 est,
944 866 1031 950 quali
1053 867 1121 931 viro
1146 867 1231 931 filius
1260 868 1440 951 eripiatur?
1474 867 1565 931 Faci-

421 969 692 1052 1101011101111111
723 972 755 1031 et
784 969 936 1032 scelestus
957 969 1113 1052 mortalis,
1142 991 1236 1052 quem
1258 969 1363 1052 ipsum
1390 990 1566 1052 numquam

421 1070 511 1134 nasci
540 1071 654 1134 melius
681 1069 794 1152 foret²‚
822 1070 999 1134 incolumes
1026 1070 1143 1133 liberos
1172 1071 1287 1153 educit,
1316 1071 1351 1133 in
1378 1073 1481 1139 morte
1509 1092 1566 1133 sua

422 1171 610 1254 superstites
637 1171 804 1254 relinquit:
832 1171 1029 1254 Victorinus,
1060 1171 1109 1234 vir
1136 1172 1298 1255 sanctus³‚
1329 1171 1417 1235 cuius
1447 1172 1566 1235 similes

422 1296 519 1357 quam
540 1272 695 1359 plurimos
717 1273 810 1357 gigni
825 1273 982 1356 optimum
1003 1272 1168 1356 publicum
1181 1273 1289 1356 fuerit,
1315 1273 1479 1337 carissimo
1500 1273 1566 1337 filio

421 1375 566 1458 privatus
583 1378 641 1438 est.
671 1373 769 1457 Quae,
793 1374 928 1437 malum!
951 1374 1153 1457 providentia
1164 1378 1235 1438 tam
1257 1374 1366 1458 inique
1387 1374 1567 1459 prospicit?

421 1476 502 1540 Fata
526 1459 544 1538 a
565 1475 665 1539 fando
687 1476 849 1560 appellata
872 1476 978 1538 aiunt:
1001 1476 1136 1540 hoccine
1159 1479 1208 1540 est
1228 1479 1315 1539 recte
1337 1475 1425 1538 fari?
1447 1476 1566 1540 Poetae

422 1580 529 1641 autem
554 1577 640 1640 00111
674 1581 706 1640 01
733 1578 788 1640 fila
813 1577 891 1640 fatis
914 1566 1104 1660 adsignant:
1139 1578 1229 1641 nulla
1256 1577 1401 1660 profecto
1428 1580 1496 1640 tam
1524 1577 1567 1641 sit

420 1679 596 1762 inportuna
624 1681 657 1740 et
683 1679 824 1742 insciens
851 1678 991 1760 lanifica,
1020 1699 1102 1762 quae
1130 1678 1200 1742 erili
1228 1680 1325 1762 togae
1353 1678 1489 1742 solidum
1518 1677 1565 1742 et⁴

422 1780 587 1862 nodosum,
618 1780 744 1843 servilei
767 1782 875 1843 autem
903 1779 1019 1842 subtile
1046 1782 1079 1843 et
1100 1783 1197 1844 tenue
1219 1780 1407 1864 suptemen⁵
1428 1779 1564 1844 neverit.
1651 1857 1654 1861 .

423 1880 531 1954 Bonos
559 1882 643 1944 viros
670 1881 760 1945 luctu
788 1880 882 1944 adfici
888 1930 897 1963 ,
932 1880 1033 1944 malos
1061 1902 1096 1944 re
1123 1881 1276 1944 familiari
1305 1880 1459 1944 ineolumi
1490 1881 1566 1963 frui,

422 2003 526 2065 neque
548 2004 694 2046 mensum
716 2003 819 2066 neque
841 2004 977 2065 pensum
999 1983 1140 2046 fatorum
1161 1983 1327 2047 lanificam
1349 1983 1440 2046 duco.

508 2083 579 2148 Nisi
601 2084 684 2148 forte
707 2084 789 2147 alius
811 2083 961 2166 quidam⁶
981 2105 1040 2148 nos
1056 2106 1144 2149 error
1157 2085 1260 2147 iactat
1279 2086 1311 2147 et
1325 2085 1432 2168 ignari
1448 2105 1566 2166 rerum,

424 2207 505 2269 quae
527 2186 613 2249 mala
635 2188 722 2268 sunt,
752 2185 844 2270 quasi
865 2207 1018 2268 prospera
1048 2186 1318 2268 concupiscimus3
1348 2188 1460 2248 contra
1487 2206 1568 2268 quae

422 2287 616 2370 bonosum,
641 2308 699 2371 pro
723 2287 863 2351 adversis
882 2309 1070 2351 aversamur
1098 2290 1131 2351 et
1151 2308 1237 2351 mors
1261 2338 1268 2350 .
1294 2288 1334 2369 .⁷‚
1364 2308 1445 2369 quae
1467 2286 1568 2350 omni-

423 2389 482 2452 bus
504 2388 651 2452 luctuosa
672 2389 809 2472 videtur,
832 2410 966 2472 pausam
988 2389 1134 2452 laborum
1150 2389 1254 2452 adfert
1270 2391 1302 2452 et
1317 2387 1569 2452 sollicitudinum

424 2493 457 2554 et
485 2490 721 2573 calamitatum,
756 2490 1046 2582 miserl⁸rimisque
1084 2490 1224 2573 corporis
1251 2489 1389 2553 vinculis
1417 2489 1569 2553 liberatos

425 2593 465 2655 ad
487 2591 664 2675 tranquilla
686 2612 745 2655 101
768 2594 801 2655 01
823 2612 956 2656 amoena
980 2595 1012 2656 et
1034 2593 1183 2656 omnibus
1205 2591 1299 2656 bonis
1314 2591 1434 2655 referta
1449 2591 1570 2654 anima-
1599 2659 1602 2663 ,

425 2716 559 2777 rumque
582 2691 794 2757 conciliabula
817 2688 966 2758 travehit.
1011 2693 1083 2758 Hoc
1106 2716 1166 2779 ego
1181 2695 1247 2758 ita⁹
1271 2715 1339 2758 esse
1354 2693 1482 2757 facilius
1505 2714 1570 2756 cre-

424 2796 569 2878 diderim,
604 2816 699 2878 quam
727 2797 844 2858 cuneta
871 2794 1014 2860 humana
1044 2799 1100 2859 aut
1126 2796 1215 2859 nulla
1243 2800 1300 2860 aut
1325 2795 1437 2878 iniqua
1465 2793 1571 2877 provi-

425 2897 536 2961 dentia
557 2897 638 2980 regi.
1302 2979 1305 2983 ἡ

510 2997 629 3073 Quodsi
637 2997 662 3038 ¹⁰
695 3018 780 3061 mors
809 2999 1003 3082 gratulanda
1034 2999 1142 3081 potius
1176 3000 1224 3061 est
1255 2997 1438 3061 hominibus
1475 3018 1571 3079 quam

424 3099 649 3181 lamentanda,
684 3102 806 3182 quanto
839 3100 972 3184 quisque
1000 3122 1071 3164 eam
1104 3102 1185 3163 natu
1212 3100 1318 3163 minor
1346 3099 1481 3182 adeptus
1511 3100 1569 3180 est,

424 3205 517 3266 tanto
556 3189 680 3264 beatior
718 3204 750 3263 et
794 3201 861 3264 deis
900 3202 1062 3284 acceptior
1104 3200 1335 3264 existimandus
1375 3203 1438 3280 est,
1483 3199 1571 3262 ocius

427 3302 568 3387 corporis
590 3300 684 3364 malis
707 3304 830 3384 exutus,
855 3301 942 3365 ocius
966 3304 1005 3366 ad
1027 3301 1164 3366 honores
1186 3301 1307 3364 liberae
1333 3300 1459 3363 animae
1481 3321 1571 3362 usur-

425 3404 549 3489 pandos
575 3403 743 3482 excitus¹¹.
788 3402 878 3478 Quod
905 3407 1015 3467 tamen
1036 3426 1147 3468 verum
1169 3403 1212 3465 sit
1233 3402 1320 3483 licet,
1343 3402 1435 3485 parvi
1461 3403 1572 3464 nostra

426 3506 536 3588 refert,
554 3504 608 3589 qui
624 3503 839 3568 desideramus
855 3505 1003 3568 amissos:
1025 3504 1118 3568 nec¹²
1133 3505 1304 3588 quicquam
1318 3525 1377 3567 nos
1393 3502 1573 3566 animarum

426 3605 652 3671 immortalitas
682 3605 875 3688 consolatur,
905 3607 959 3690 qui
988 3605 1161 3670 carissimis
1183 3604 1303 3669 nostris
1331 3605 1407 3668 dum
1436 3603 1573 3668 vivimus

515 3811 591 3863 1110
609 3807 710 3862 Codex.

514 3901 529 3947 2
547 3891 643 3946 Malim
658 3897 756 3960 suerat.
788 3882 965 3960 Heindorfius.

513 3985 528 4032 3
547 3977 588 4029 De
607 3976 665 4030 eius
682 3975 806 4028 moribus
826 3977 859 4030 cf.
878 3975 996 4031 Dionem
1014 3976 1121 4030 LXXII.
1147 3984 1185 4030 11.
1223 3982 1318 4032 Maius.

514 4068 530 4115 4
548 4060 686 4114 Videntur
701 4058 815 4129 periisse
834 4060 906 4115 duae
923 4060 1043 4116 litterae.
1079 4061 1169 4115 Maius
1187 4072 1239 4115 aut.

515 4152 530 4200 5
547 4144 648 4199 Maius:
667 4147 827 4214 Suptepmen.

515 4236 530 4282 6
549 4228 654 4283 Codex:
674 4235 780 4298 quidem.

516 4320 530 4367 7
550 4312 655 4383 supple
673 4314 806 4381 quattuor
823 4314 940 4368 litteras.

515 4405 531 4452 8
548 4397 651 4468 Incipit
670 4395 735 4451 dod.
757 4415 785 4466 p.
806 4403 862 4453 156.

516 4489 531 4537 9
548 4481 639 4536 Maius
657 4497 818 4552 perperam:
835 4486 888 4549 sas.

500 4574 532 4622 10
548 4566 647 4621 Malim
666 4585 754 4635 quare.
790 4570 967 4622 Buttmannna.

501 4657 531 4704 11
552 4650 633 4705 cod:
652 4651 798 4704 0111011101
817 4666 886 4704 corr.
906 4655 998 4704 exitus
1034 4651 1079 4702 An
1097 4656 1214 4704 evectus?
1249 4653 1410 4705 Niebulriua.

501 4741 532 4788 12
550 4735 594 4788 Ita
613 4732 718 4802 Codex5
737 4733 819 4790 aliter
834 4733 931 4789 Maius.
954 4765 984 4773 -
1002 4733 1046 4787 An
1065 4738 1246 4803 nequicquam?
1280 4738 1457 4806 Heindorfius.
