4142 5659
758 705 806 758 ua
824 705 942 760 11111111
965 707 1205 764 ansiansmus.
1398 738 1401 741 -
1491 703 1555 766 111
1772 664 1778 665 f

408 868 526 932 ferias¹
553 869 718 932 celebras?
754 873 822 927 Nec
845 864 1083 947 Chrysippum³
1105 868 1196 928 tuum
1218 867 1400 949 praeteribo
1409 869 1430 950 ²,
1460 891 1555 951 quem

348 983 351 987 ¹
408 963 551 1045 quotidie
574 963 684 1026 ferunt
705 965 887 1030 madescere
910 967 1040 1031 solitum
1048 968 1069 1030 ³.
1113 967 1157 1030 Et
1183 967 1335 1052 pleraque
1359 1019 1366 1032 .
1393 969 1555 1033 ,480010-

407 1066 498 1128 temb
524 1115 531 1127 .
558 1066 586 1128 .⁵
609 1087 649 1129 esc
671 1068 904 1131 Socraticorum
933 1069 1103 1152 sumposiis
1132 1072 1164 1131 et
1186 1069 1322 1154 dialogis
1352 1075 1385 1133 et
1407 1072 1553 1154 epistulis

408 1167 572 1229 existimes
594 1167 757 1231 hominem
779 1169 916 1232 multum
933 1171 1049 1233 scitum
1072 1173 1105 1233 et
1125 1170 1267 1234 facetum
1288 1172 1397 1235 fuisse.
1444 1172 1554 1236 Socra-

332 1318 342 1345 ,
407 1270 474 1330 tem
496 1268 666 1353 intelleges
689 1270 845 1352 Aspasiae
868 1271 1069 1354 discipulum,
1094 1272 1256 1335 Alcibiadi
1277 1275 1478 1357 magistrum.

493 1369 612 1433 Iamsi
635 1371 910 1434 bellumindixtei
933 1372 1016 1450 ludo,
1040 1373 1115 1456 otio,
1140 1374 1292 1457 satietati,
1321 1375 1496 1458 voluptati,
1520 1379 1555 1438 at

406 1474 444 1533 tu
467 1471 569 1534 dormi
592 1472 706 1535 saltem
729 1476 886 1556 quantum
912 1473 1014 1537 libero
1040 1475 1162 1537 homini
1186 1476 1264 1538 satis
1287 1478 1345 1539 est.
1390 1476 1554 1539 Intensius

408 1573 448 1635 ad
482 1595 664 1657 supremam
689 1624 696 1637 .
723 1623 729 1636 .
758 1575 792 1637 in
817 1625 824 1637 .
850 1625 857 1638 .
888 1575 928 1637 ad
961 1576 1112 1639 111111111116
1142 1627 1148 1640 .
1180 1627 1186 1640 .
1213 1609 1227 1640 ·.
1285 1578 1339 1640 An
1367 1578 1497 1641 tandem
1527 1579 1553 1640 si

407 1676 518 1759 ignem
541 1671 579 1738 de
603 1676 691 1739 caelo
713 1697 808 1738 nemo
830 1677 1056 1759 surrupuisset,
1080 1678 1128 1740 sol
1150 1701 1216 1741 non
1239 1682 1323 1741 esset
1338 1679 1397 1742 tibi
1419 1681 1497 1743 satis
1514 1680 1554 1742 ad

406 1776 638 1841 iudicandum?
661 1777 728 1841 Ne⁷
746 1800 818 1841 cum
834 1780 942 1842 animo
965 1782 1020 1841 tuo
1043 1783 1172 1862 reputes
1196 1781 1356 1843 cotidiano
1379 1784 1411 1845 te
1425 1782 1553 1844 menda-

408 1879 457 1941 cio
480 1879 651 1964 adstringi,
682 1900 754 1943 cum
782 1882 815 1943 te
844 1880 929 1943 diem
952 1879 1130 1963 cognitioni
1153 1883 1228 1944 dare
1252 1882 1299 1945 ais
1327 1886 1359 1945 et
1380 1886 1475 1945 nocte
1504 1905 1553 1945 00-

406 1981 599 2065 gnoscis⁰l⁸,
623 1984 712 2044 tum⁹
735 1982 801 2045 sive
825 1983 1015 2045 condemnes
1045 1982 1111 2044 sive
1140 1982 1286 2046 absolvas
1308 1985 1447 2047 mendax
1468 1984 1554 2047 futu-

405 2103 470 2144 rus,
518 2081 551 2146 Si
573 2083 757 2166 quempiam
786 2084 997 2166 condemnas,
1030 2104 1140 2161 porum
1168 2091 1284 2148 cavisse
1313 2091 1432 2149 videtur
1442 2086 1467 2126 ¹⁰
1494 2086 1552 2148 ais.

404 2182 494 2247 Istuc
517 2184 655 2267 quidem,
689 2185 714 2247 si
743 2185 893 2248 lucernae
921 2187 1155 2268 removeantur,
1186 2186 1269 2249 nihil
1297 2187 1398 2250 videri
1421 2189 1550 2270 poterit.

490 2286 536 2348 At
557 2289 593 2348 tu
615 2287 746 2350 obsecro
768 2287 819 2350 vel
840 2287 909 2351 ioco
931 2287 982 2349 vel
1004 2287 1086 2351 serio
1107 2290 1140 2350 te
1163 2288 1286 2351 exorari
1309 2311 1328 2350 a
1356 2310 1406 2351 me
1428 2292 1551 2372 patere,

405 2409 447 2450 ne
469 2391 502 2450 10
525 2409 636 2451 somno
659 2388 827 2452 defraudes
849 2389 959 2472 utique
981 2390 1134 2452 terminos
1162 2389 1224 2452 diei
1253 2393 1286 2452 et
1307 2391 1411 2453 noctis
1434 2413 1551 2455 serves.

491 2489 598 2572 Agere
627 2489 665 2551 de
687 2489 806 2553 finibus
834 2490 947 2553 duos¹¹
979 2489 1081 2553 claros
1108 2494 1142 2553 et
1168 2491 1292 2554 nobiles
1315 2490 1493 2575 Vesperum
1521 2495 1553 2555 et

405 2589 589 2653 Luciferum
611 2591 728 2673 putad:
751 2591 878 2674 utrique
894 2592 1199 2654 demonstrationem
1222 2593 1271 2654 sui
1287 2594 1455 2676 quisque¹²
1470 2594 1552 2656 limi-

404 2691 447 2754 tis
475 2693 666 2755 ostendunt:
701 2693 815 2756 horum
844 2693 1023 2778 cognitioni
1052 2693 1207 2756 interesse
1234 2694 1377 2778 postulat
1405 2693 1552 2778 SomnnS,

405 2815 482 2855 nam
505 2815 539 2857 10
559 2794 726 2877 quisque¹³
747 2795 886 2858 adfinem
909 2817 977 2860 esse
999 2796 1130 2881 negotio
1153 2800 1185 2859 et
1207 2796 1332 2879 adtingi
1355 2795 1474 2859 iniuria
1496 2797 1551 2860 ait.
1640 2857 1644 2861 ,
1707 2881 1715 2902 l

491 2929 508 2965 a
526 2917 560 2965 In
571 2918 699 2981 margine:
717 2911 759 2966 De
778 2911 941 2982 Chrysippo

491 2997 509 3048 b
529 3001 562 3048 In
580 3003 707 3065 morpine:
725 2996 766 3049 De
786 2995 908 3050 Socrate.

491 3097 506 3133 0
526 3085 558 3134 ln
575 3088 704 3150 margine:
724 3124 918 3135 ........
938 3081 1079 3134 cotidiano
1097 3112 1130 3119 -
1148 3079 1299 3150 cognoscis.
1466 3134 1470 3140 ,

491 3165 509 3217 d
529 3169 561 3218 In
578 3171 706 3234 marpine:
724 3166 766 3219 De
783 3165 909 3219 Lucifero
932 3168 980 3232 (ica
997 3169 1072 3232 Cod.)
1091 3168 1120 3219 et
1138 3166 1172 3218 de
1190 3165 1313 3234 Vespere
1331 3168 1360 3219 01
1378 3164 1489 3220 Somno.

492 3291 505 3336 1
526 3284 567 3338 Cf.
586 3285 677 3338 Plaut.
697 3283 776 3352 Capt.
796 3284 844 3339 ΙΙΙ.
865 3292 887 3338 1.
907 3290 930 3338 8.
968 3288 1065 3338 Maius.
1101 3284 1252 3338 Praeterea
1274 3284 1343 3353 legit
1364 3283 1552 3337 Heindorfius:

405 3369 485 3422 Nunc
503 3368 570 3435 quid
590 3381 615 3422 tc
634 3370 685 3422 etc.

490 3459 506 3506 2
525 3453 568 3506 Ita
586 3452 692 3519 Codex,
710 3470 766 3506 11011
784 3432 929 3522 prodtereo.

491 3545 506 3591 3
525 3537 563 3591 Cf.
582 3536 773 3591 testimonium
790 3538 906 3591 Laertia.
939 3542 1034 3595 Maius.

490 3628 508 3674 4
525 3623 593 3676 Τ101
611 3639 706 3676 versus
725 3622 843 3677 evanidi.

492 3711 507 3760 5
525 3705 629 3776 Supple
646 3707 702 3759 tria
720 3707 778 3760 fere
795 3708 889 3761 verba.
928 3712 1022 3765 Maius.

491 3796 506 3843 6
524 3791 556 3842 ln
573 3790 615 3843 his
633 3790 739 3844 lacunis
759 3790 862 3844 cubant
878 3793 935 3845 tres
948 3809 1051 3846 versus.
1076 3790 1253 3845 Ecksteinius
1270 3791 1423 3846 rectissime
1442 3793 1553 3862 supplet

405 3881 505 3929 laminis
523 3892 594 3940 oras,
613 3875 675 3928 coll.
694 3875 803 3929 Lucret.
822 3875 843 3928 I.
863 3882 895 3929 23
915 3878 943 3929 et
960 3876 1043 3929 Ennii
1060 3877 1158 3930 Annal.
1180 3877 1200 3942 l,
1215 3883 1272 3931 118.
1293 3884 1349 3931 165.

491 3967 505 4014 7
524 3959 710 4013 Heindorfius:
732 3965 786 4013 Nec
803 3991 836 3998 —
854 3972 960 4028 repulus
977 3991 1010 4000 —
1026 3966 1147 4029 suturam?

490 4050 506 4098 8
524 4044 626 4114 Incipit
643 4044 709 4098 Ood.
729 4065 757 4114 p.
776 4052 835 4100 220.

491 4136 506 4183 9
525 4129 630 4183 Codex:
654 4141 726 4183 tunm.
763 4129 851 4184 Maius
871 4132 978 4184 confert
995 4130 1113 4185 Dionem
1131 4129 1226 4186 LXXI.
1246 4137 1270 4184 6.

474 4221 507 4270 10
524 4214 684 4268 Formulam
701 4215 773 4268 hanc
790 4217 877 4270 habet
895 4216 993 4269 Festus
1012 4231 1122 4283 quoque
1141 4231 1208 4268 voce
1226 4234 1325 4283 parum.
1356 4214 1449 4267 Innuit
1466 4213 1552 4267 etiam

405 4300 539 4355 Horatius
556 4302 617 4353 Art.
636 4301 711 4369 poet.
731 4306 788 4355 353.
826 4306 913 4355 Maius
931 4299 1081 4354 secundum
1098 4298 1299 4353 Heindorfium.

475 4393 505 4439 11
523 4384 612 4439 Maius
635 4382 747 4438 coniicit
764 4391 833 4438 deos.
870 4384 987 4438 Orellius
1007 4389 1159 4439 1100111001.
1196 4381 1369 4436 Ecksteiuius
1387 4388 1457 4436 divos
1479 4388 1549 4437 duos.

405 4470 512 4524 Codex:
536 4476 568 4524 de
582 4473 675 4537 finibus
694 4509 886 4523 ........
906 4468 1015 4534 chIs
1034 4476 1127 4523 claros.

474 4561 505 4608 12
524 4553 631 4608 Codicis
643 4553 727 4608 lectio
740 4570 797 4607 non
810 4553 877 4608 satis
892 4556 969 4607 certa
982 4555 1036 4619 est3
1055 4569 1145 4621 neque
1164 4554 1206 4606 est
1220 4557 1332 4622 quisque,
1350 4567 1440 4618 neque
1454 4571 1552 4620 quoque

404 4657 494 4709 neque
514 4661 627 4711 quoque,·
649 4638 697 4692 alii
715 4639 838 4693 videant.
929 4666 945 4679 ν

473 4733 505 4781 13
522 4726 558 4780 F:
577 4732 694 4796 quoique.
731 4728 891 4779 Niebutrios.
928 4723 1061 4777 Orellius:
1080 4743 1187 4792 quoque.

1286 4806 1349 4870 15*
