4142 5659
733 685 875 740 annuns
894 687 984 740 runi
1001 687 1050 741 ur
1069 688 1246 742 ruavaars
1265 671 1318 743 ea.
1537 695 1598 758 211

813 1117 869 1194 Μ.
902 1116 1236 1198 FRONTONIS¹

685 1265 871 1338 LAUDES
898 1268 1017 1338 FUMI
1043 1268 1104 1339 ET
1131 1269 1363 1342 PULVERIS

696 1418 698 1421 ·
780 1409 784 1413 “
981 1398 1072 1452 ΙΤΕΜ

744 1499 917 1565 LAUDES
939 1500 1299 1568 NEGLEGENTIAE.

824 1654 968 1719 Caesari
990 1671 1054 1720 suo
1077 1655 1225 1722 Fronto.
1328 1738 1338 1748 .

532 1789 681 1872 Plerique
712 1789 890 1873 legentium
923 1790 1049 1854 forsan·
1070 1813 1138 1854 rem
1172 1793 1210 1855 de
1241 1791 1338 1855 titulo
1372 1797 1593 1876 contemnant,

443 1890 529 1953 nihil
552 1891 672 1953 serium
693 1891 835 1974 potuisse
864 1891 932 1954 fieri
956 1886 1106 1956 desumo
1134 1896 1167 1956 et
1194 1893 1359 1976 pulvere²:
1388 1897 1425 1957 tu
1452 1917 1511 1978 pro
1538 1900 1594 1958 tuo

444 1991 616 2055 excellenti
650 1993 783 2076 ingenio
816 1992 961 2075 profecto
990 1994 1186 2057 existimaris
1214 1994 1284 2057 lusa
1317 1995 1360 2058 sit
1387 2017 1484 2078 opera
1512 1997 1593 2060 ista3

444 2115 488 2156 an
512 2093 627 2157 locata.
1290 2152 1292 2156 .

531 2194 593 2260 Sed
615 2218 665 2258 res
683 2217 813 2289 poscere
836 2196 962 2259 videtur
985 2197 1023 2259 de
1046 2197 1170 2261 ratione
1193 2198 1355 2262 scribendi
1377 2221 1480 2282 pauca
1502 2222 1592 2283 prae-

441 2297 518 2378 fari,
543 2297 626 2380 quod
649 2298 773 2361 nullum
796 2297 1014 2361 huiuscemodi
1038 2299 1190 2380 scriptum
1208 2298 1356 2363 Romana
1369 2289 1592 2384 linguaextat

442 2398 524 2461 satis
552 2399 678 2481 nobile,
713 2399 776 2462 nisi
810 2399 894 2482 quod
921 2402 1035 2482 poetae
1068 2399 1104 2460 in
1133 2400 1321 2463 comoediis⁴
1354 2401 1404 2463 vel
1433 2401 1592 2464 Atellanis

442 2499 657 2583 adtingerent
666 2501 687 2563 ⁵.
729 2499 790 2574 Qui
813 2522 846 2563 se
868 2502 904 2563 in
928 2500 1082 2564 eiusmodi
1104 2501 1198 2574 rebus
1222 2502 1397 2565 scribendis
1420 2503 1591 2584 exercebit,

443 2601 572 2664 crebras
595 2602 773 2665 sententias
797 2604 973 2684 conquiret,
999 2624 1114 2685 easque
1137 2602 1235 2667 dense
1254 2603 1448 2687 conlocabit,
1472 2607 1505 2666 et
1520 2605 1591 2666 sub-

440 2701 545 2765 tiliter
568 2704 753 2787 coniungat,
777 2725 881 2786 neque
903 2704 1001 2766 verba
1023 2704 1126 2767 multa
1140 2705 1305 2788 geminata
1320 2706 1591 2790 supervacanea}6

440 2803 607 2867 inferciat:
632 2807 702 2867 tum
724 2825 852 2867 omnem
875 2806 1071 2867 sententiam
1094 2805 1234 2869 breviter
1256 2809 1288 2869 et
1310 2806 1389 2870 scite
1411 2807 1588 2870 concludet.

441 2904 548 2968 Aliter
570 2906 605 2968 in
628 2906 827 2968 orationibus
855 2905 1042 2988 iudiciariis
1072 2906 1127 2978 ubi
1149 2906 1257 2969 sedulo
1285 2929 1443 2989 curamus,
1466 2911 1503 2970 ut
1524 2909 1591 2991 ple-

441 3027 559 3088 raeque
587 3008 768 3071 sententiae
797 3007 906 3070 durius
935 3008 1098 3070 interdum
1129 3011 1161 3078 et
1197 3008 1378 3071 incautius⁷
1402 3009 1587 3071 finianturs.

441 3105 504 3170 Sed
528 3111 640 3171 contra
661 3109 736 3172 istic
756 3107 977 3191 laborandum,
1004 3107 1084 3196 [ut]⁹
1113 3130 1153 3171 ne
1181 3109 1257 3191 quid
1280 3109 1511 3172 inconcinnum
1539 3111 1589 3172 vel
1661 3103 1663 3108 ’

441 3207 584 3272 hiulcum
606 3210 822 3293 relinquatur,
852 3211 930 3293 quin
958 3209 1079 3272 omnia>
1094 3213 1131 3271 ut
1157 3209 1190 3271 in
1214 3209 1306 3272 tenui
1329 3212 1416 3271 veste
1445 3210 1508 3272 oris
1536 3211 1587 3272 ‹le-

440 3313 530 3373 texta
553 3314 585 3374 et
607 3312 827 3374 revimentis¹⁰
852 3312 918 3374 sint
942 3311 1058 3374 cincta.

527 3555 538 3600 l
559 3548 646 3601 Tituli
663 3547 783 3616 vestigia
795 3548 940 3617 apparent.
965 3545 1055 3600 Maius
1072 3546 1198 3615 pluribus
1212 3545 1338 3614 disputat
1356 3548 1391 3599 de
1409 3547 1462 3600 hoc
1480 3547 1587 3600 ludicro
1618 3612 1621 3616 .

439 3633 550 3686 dicendi
568 3649 678 3700 genere.

524 3724 539 3771 2
558 3718 601 3770 An
619 3717 761 3772 intercidit
778 3723 848 3770 rati?
883 3721 1058 3784 Hcindcrfius.

524 3809 539 3856 3
557 3802 647 3859 Maius
664 3802 831 3856 vocabulum
850 3800 950 3853 omisit.

524 3891 541 3938 4
558 3887 685 3940 Alterum
702 3892 712 3939 i
730 3902 868 3954 suprascr.

518 3976 540 4024 ’5
557 3971 602 4024 Ita
620 3970 721 4024 Codex.
740 3989 743 3994 ’

523 4060 539 4107 6
556 4055 658 4124 Incipit
676 4054 742 4108 eod.
762 4073 788 4124 p.
807 4060 865 4121 248,
885 4053 1012 4108 obscura.

524 4140 732 4209 'lSchopenusz
759 4144 902 4206 inremotus,
927 4137 1317 4202 concambiationem.
1343 4137 1480 4204 Equidem
1499 4139 1585 4191 malu-

437 4242 515 4278 eram
532 4230 659 4278 incultior.

522 4315 538 4363 8
557 4308 597 4362 Cf.
617 4307 712 4362 Senec.
732 4309 783 4376 Ep.
805 4313 861 4360 114.
898 4312 991 4361 Matar.

432 4449 436 4454 A
522 4391 609 4446 9Vel
626 4405 672 4448 eat.
710 4397 883 4460 Heindorfius.

507 4482 539 4530 10
557 4482 726 4548 Itcorfmentum
744 4480 787 4530 est
803 4476 921 4530 fimbria.
958 4476 1087 4542 Namque
1105 4475 1133 4526 in
1146 4473 1283 4542 glossario
1302 4473 1446 4527 Philoxeni
1463 4478 1584 4525 recimer-

436 4574 486 4615 tum
510 4561 665 4630 explicatur
684 4563 880 4628 παραετροφὴ.
915 4561 987 4613 Tum
1010 4560 1037 4611 in
1058 4559 1153 4627 Cyrilli
1175 4558 1262 4611 lexico
1285 4560 1476 4624 παραετρέφω
1495 4557 1585 4609 reddi-

434 4649 482 4701 tur
499 4651 580 4701 rebio.
616 4646 746 4714 Intellige
765 4647 858 4699 autem
876 4651 958 4706 renio,
982 4644 1142 4710 ibidemque
1160 4660 1211 4710 pro
1229 4648 1392 4696 rediturarum
1410 4643 1500 4695 scribo
1517 4649 1583 4695 reoi-

433 4743 550 4786 mnetum.
588 4735 683 4784 Maius.

1315 4814 1380 4877 14*
