4142 5659
670 688 719 743 AD
733 688 774 763 Μ.
792 685 1013 743 ANTONINUM
1030 688 1078 741 DE
1096 685 1337 753 ELOQUENTIA.
1398 738 1400 745 .
1517 694 1577 759 153

683 893 745 960 IV.
790 891 971 960 Antonino
993 892 1158 978 Augusto
1183 895 1330 962 Fronto.

516 1030 674 1112 Pleraque
695 1031 730 1093 in
753 1031 896 1095 oratione
918 1032 1041 1096 recenti
1062 1034 1136 1114 tua,
1160 1035 1244 1116 quod
1267 1033 1307 1095 ad
1329 1035 1507 1098 sententias
1530 1038 1577 1098 at-

429 1133 532 1215 tinet,
557 1133 777 1196 animadverto
805 1134 936 1217 egregia
964 1156 1049 1216 esse3
1078 1157 1181 1217 pauca
1204 1135 1372 1198 admodum
1395 1158 1459 1200 uno
1481 1139 1576 1200 tenus

429 1235 527 1297 verbo
552 1234 755 1318 corrigenda3
778 1235 927 1298 nonnihil
948 1236 1111 1298 interdum
1127 1236 1305 1299 elocutione
1321 1237 1447 1300 novella
1462 1260 1576 1320 parum

430 1337 608 1420 signatum.
654 1335 741 1410 Quae
765 1337 879 1400 melius
901 1337 1005 1400 visum
1028 1341 1077 1401 cst
1099 1337 1318 1421 particulatim
1341 1339 1496 1402 scribere:
1529 1340 1576 1402 ita

430 1438 518 1502 enim
539 1438 667 1523 facilius
690 1439 869 1522 perpendes
892 1439 1035 1523 singula,
1066 1441 1099 1501 et
1125 1439 1204 1502 satis
1233 1440 1385 1523 temporis
1414 1441 1454 1503 ad
1476 1441 1576 1523 inspi-

431 1540 580 1603 ciendum
602 1539 754 1623 habebis,
777 1544 814 1604 ut
835 1541 890 1624 qui
911 1540 1058 1623 plurimis
1080 1540 1221 1625 negotiis
1251 1543 1307 1604 aut
1329 1542 1462 1626 agendis
1485 1564 1576 1607 oecu-

430 1644 525 1724 patus
549 1641 593 1704 sis
616 1644 673 1705 aut
695 1643 776 1706 actis
799 1643 952 1706 defessus

514 1743 621 1827 Igitur
643 1744 678 1806 in
699 1744 884 1827 prohoemio
907 1766 987 1824 quae
1010 1746 1140 1829 egregie
1156 1748 1221 1809 ate
1237 1746 1323 1809 dieta
1338 1750 1458 1829 putem,
1482 1769 1576 1832 quae-

431 1867 491 1929 que
519 1845 656 1908 arbitrer
686 1846 894 1930 corrigenda,
929 1847 1042 1910 scribsi
1075 1847 1146 1910 tibi.
1197 1846 1403 1937 Scripturimp¹
1426 1849 1577 1933 deinceps

431 1969 489 2030 pro
512 1969 619 2010 aurore
641 1947 676 2009 in
701 1947 765 2033 l¹te
787 1969 858 2010 meo
882 1948 1005 2011 confide
1030 1950 1145 2011 cetera.
1180 1949 1289 2014 Prima
1311 1971 1388 2033 ergo
1410 1972 1485 2033 pars
1508 1954 1599 2014 tota·

431 2049 566 2112 mirifica
589 2051 654 2130 est,
683 2049 792 2112 multis
816 2052 849 2112 et
870 2049 1022 2134 gravibus
1046 2051 1217 2114 sententiis
1239 2051 1374 2132 referta,
1402 2052 1437 2114 in
1460 2053 1576 2136 quibus

432 2151 566 2216 eximiae
589 2154 666 2213 sunt
690 2201 696 2214 .
723 2201 730 2214 .
757 2201 763 2214 .
790 2200 796 2214 .
850 2150 884 2216 Si
906 2155 992 2216 reete
1017 2199 1025 2215 .
1052 2202 1059 2214 .
1086 2201 1092 2215 .
1117 2174 1179 2235 quo
1201 2174 1319 2237 genere
1343 2152 1422 2217 Cato
1448 2204 1454 2217 .
1481 2205 1487 2217 .
1513 2177 1576 2218 ser-

432 2256 479 2315 tes
504 2302 510 2315 .
537 2302 544 2316 .
573 2253 717 2335 primis.
744 2303 750 2316 .
777 2304 783 2317 .
813 2256 845 2316 et
867 2253 928 2317 hoc
956 2275 1075 2337 genere
1100 2304 1106 2316 .
1133 2304 1140 2316 .
1169 2254 1351 2318 moderatae
1375 2258 1408 2318 et
1432 2306 1438 2319 .
1465 2307 1471 2319 .
1496 2279 1575 2320 non-

404 2429 409 2438 ἡ
432 2354 520 2418 nullo
544 2404 552 2418 .
579 2404 585 2417 .
611 2376 689 2418 esse.
722 2354 755 2418 si
778 2377 874 2438 parce
895 2358 927 2417 et
951 2377 1023 2419 cum
1046 2355 1205 2439 dignitate
1230 2405 1237 2418 .
1264 2406 1270 2418 .
1297 2406 1304 2420 .
1335 2356 1438 2420 Multo
1461 2358 1575 2421 deinde

432 2458 560 2539 gravior
583 2458 615 2518 et
637 2456 776 2520 severior
798 2457 969 2521 subiuncta
994 2507 1000 2520 .
1027 2508 1034 2521 .
1060 2508 1067 2520 .
1093 2508 1100 2520 .
1146 2456 1180 2522 Si
1201 2456 1284 2520 nihil
1309 2509 1315 2521 .
1395 2459 1487 2522 nobis
1510 2459 1576 2542 opi-

432 2558 537 2621 nionis
562 2607 569 2620 .
596 2608 604 2640 2
630 2608 970 2623 ...........
996 2559 1036 2643 Ρ.
1066 2609 1073 2623 .
1119 2559 1301 2643 Tralatum,
1331 2564 1400 2623 tum
1427 2611 1434 2624 .
1460 2611 1467 2624 .
1494 2611 1501 2624 .
1526 2583 1576 2625 res

432 2659 477 2722 ita
499 2657 712 2747 impulepint]
739 2710 745 2723 .
772 2711 778 2723 .
805 2711 812 2724 .
836 2661 957 2725 vincas,
1001 2662 1112 2725 Inesse
1137 2711 1143 2724 .
1170 2711 1176 2723 .
1200 2663 1291 2725 muni
1319 2712 1326 2725 .
1356 2712 1363 2724 .
1387 2665 1419 2725 te
1444 2713 1450 2726 .
1478 2713 1484 2726 .
1508 2686 1576 2727 ver-

433 2783 501 2824 sum
524 2784 541 2825 e
566 2811 572 2824 .
599 2812 606 2824 .
630 2764 694 2825 ent.
739 2762 888 2826 Alterum
910 2764 1091 2846 proprium,
1127 2784 1247 2846 comes3
1281 2764 1418 2827 alterum
1439 2765 1576 2828 transla-

433 2865 509 2945 tum,
535 2863 651 2945 opifex.
681 2863 793 2947 Neque
816 2864 881 2928 ulla
903 2864 1008 2928 verbis
1030 2864 1101 2927 istis
1123 2864 1210 2927 inter
1231 2888 1265 2928 sc
1288 2866 1468 2929 communio
1491 2867 1577 2930 inest

433 2986 534 3047 neque
562 2965 797 3048 propinquitas
843 2966 986 3030 Offendit
1012 2967 1114 3050 igitur
1142 2989 1234 3030 aures
1262 2968 1417 3051 ingruens
1447 2968 1576 3030 diversi-

433 3067 501 3130 tas3
540 3069 599 3129 nat
628 3116 634 3129 .
662 3117 668 3130 .
695 3117 702 3130 .
732 3090 843 3151 sapere
874 3119 880 3132 .
906 3119 913 3131 .
944 3069 1049 3132 tissim
1077 3118 1084 3132 .
1117 3117 1123 3130 .
1179 3067 1369 3131 Sallustius⁴
1399 3117 1405 3131 .
1432 3117 1439 3131 .
1468 3075 1576 3148 artique

433 3189 533 3246 mana,
559 3179 670 3246 ventre,
693 3190 770 3249 perae
793 3175 870 3235 boaa
891 3177 995 3248 patria
1019 3176 1219 3233 laceraverat.

516 3269 615 3333 Vides
643 3264 800 3354 quantum
828 3271 1036 3335 similitudine
1064 3272 1232 3336 verborum
1257 3271 1379 3336 formae
1407 3272 1576 3335 adsecutus

434 3372 484 3453 sit,
509 3374 545 3434 ut
568 3372 699 3436 verbum
721 3376 933 3456 postremum,
958 3395 1151 3458 quamquam
1173 3395 1286 3457 parum
1309 3374 1475 3457 pudicum,
1510 3396 1575 3438 nou

432 3473 617 3554 indecorum
639 3496 707 3538 esse
729 3475 890 3538 videatur:
913 3475 984 3538 ideo
1007 3474 1145 3556 scilieet,
1170 3476 1253 3558 quod
1278 3525 1285 3538 .
1312 3476 1436 3539 .verba
1459 3476 1576 3539 similia

432 3576 636 3657 praecedant.
662 3574 752 3649 Quod
764 3576 791 3639 si
803 3577 849 3639 ita
861 3576 940 3640 haee
955 3576 1053 3640 verba
1066 3578 1178 3640 contra
1191 3577 1337 3640 dixisset:
1360 3577 1477 3660 quique
1494 3600 1576 3661 pene

431 3676 517 3740 bona
545 3676 651 3759 patria
673 3677 885 3761 laceraverat,
917 3678 1040 3741 indita⁵
1063 3678 1245 3742 obscenitas
1273 3679 1378 3742 verbis
1407 3684 1577 3763 appareret

434 3828 440 3841 .
467 3827 474 3842 .
504 3782 572 3843 trat
601 3828 608 3842 .
635 3829 641 3841 .
673 3779 717 3842 eis
748 3829 754 3843 .
782 3830 788 3843 .
821 3777 955 3867 [ventre]
984 3803 1085 3843 manu
1112 3781 1258 3844 veneral.
1308 3780 1359 3844 Ad
1390 3831 1397 3844 .
1428 3831 1436 3844 .
1466 3804 1576 3865 aures3

430 3923 627 3933 u———--.

518 3988 531 4033 1
550 3981 651 4050 Incipit
670 3979 735 4035 (lod.
755 3999 782 4051 p.
802 3987 860 4041 375,
880 3983 955 4035 cuius
974 3982 1051 4036 nulla
1068 3981 1188 4050 yestigia
1205 3983 1288 4037 hodie
1307 3985 1462 4052 supersunt.

516 4071 532 4118 2
550 4065 652 4135 Incipit
670 4064 734 4119 (lod.
755 4084 782 4134 p.
802 4071 864 4132 384,
883 4066 959 4120 cuius
975 4067 1083 4120 incerta
1101 4067 1165 4120 sunt
1182 4066 1309 4136 vestigia.

516 4157 532 4204 3
550 4149 725 4203 Heindorfius
743 4151 855 4219 supplet
870 4155 979 4217 foratae.

515 4232 659 4288 aoatssin.
681 4252 702 4287 c.
724 4240 764 4288 14.
843 4263 847 4274 x
1014 4256 1018 4261 ·

516 4323 532 4370 5
551 4317 656 4370 Codex:
675 4324 785 4389 inedita„
817 4320 846 4372 C.
865 4319 895 4372 F.
919 4320 960 4373 W.
979 4320 1112 4373 Mullerus
1130 4320 1159 4372 in
1177 4319 1276 4373 Annal.
1296 4319 1469 4373 Fleckeiseni
1487 4321 1575 4374 XClll

431 4419 458 4468 p.
477 4406 528 4454 490
545 4403 652 4455 mavult
674 4408 758 4456 insita.
795 4404 838 4457 F.:
860 4409 974 4471 foeditas
996 4409 1120 4459 obscenae
1139 4410 1205 4458 uocis
1223 4415 1372 4472 appareret.
1409 4407 1576 4459 Battmeanas

430 4484 604 4539 Ecksteinius
631 4487 793 4541 dubitanter
816 4487 928 4542 coniicit
949 4495 1074 4545 inuadite.
1108 4489 1186 4542 Idem
1208 4487 1236 4541 in
1258 4487 1447 4556 superioribus
1465 4490 1577 4558 supplet

432 4576 500 4637 qaod
516 4570 545 4623 id
561 4575 639 4624 verba
656 4592 678 4626 s.
697 4594 723 4641 p.

516 4655 616 4709 6C0d.
640 4656 751 4710 videtur
772 4658 877 4712 habere
904 4664 997 4712 venire.
1034 4662 1129 4711 Maias.
1170 4658 1258 4710 Immo
1284 4669 1385 4722 ventre,
1413 4672 1478 4712 nam
1501 4660 1576 4727 quod

431 4738 520 4807 primo
538 4740 600 4794 loco
618 4751 706 4795 ventre
723 4740 818 4810 posuit
834 4742 937 4810 Maius,
955 4744 1061 4797 temere
1080 4741 1175 4797 fecisse
1194 4741 1310 4796 videtur.
