4142 5659
861 625 1143 680 PaonneonuNA.
1489 651 1579 696 xxm

430 819 484 859 sar
505 796 565 878 III,
592 796 632 858 l4
654 797 792 878 scripsit¹
806 797 844 859 de
868 797 1003 879 epistola
1025 799 1163 880 quadam
1186 799 1359 884 Ciceronis,
1383 825 1449 866 non
1471 827 1578 887 super-

430 903 490 961 est.
537 898 626 972 tluae
649 899 794 981 sequitur
821 897 995 979 Frontonis
1023 900 1160 982 epistola
1182 900 1242 984 ΙΙΙ,
1269 903 1322 985 15,
1355 905 1460 987 capite
1488 910 1577 969 trun-

431 1004 504 1064 cata
521 1004 592 1064 est.
638 999 713 1064 Non
739 1000 896 1064 miramur
924 1000 1059 1064 candido
1087 1005 1120 1065 et
1148 1024 1257 1066 severo
1286 1003 1432 1069 Caesaris
1460 1007 1577 1071 iudicio
1659 1035 1661 1037 ·

429 1103 495 1166 iam
517 1106 586 1165 tum
610 1102 812 1184 displicuisse
835 1102 1008 1183 artificium
1030 1102 1235 1187 rhetoricum,
1261 1106 1350 1169 cuius
1374 1108 1576 1191 disciplinam

430 1203 551 1268 Fronto
578 1205 795 1287 profiteretur.
840 1203 999 1288 Magister
1026 1205 1152 1288 copiose
1181 1208 1324 1271 ostendit
1351 1209 1499 1292 discipuli
1522 1212 1576 1273 du-

429 1306 604 1370 bitationes
631 1307 746 1370 inanes
781 1328 865 1388 esse;
897 1307 1035 1369 fortasse
1068 1310 1178 1370 tamen
1210 1331 1277 1372 non
1310 1311 1478 1392 persuasit.
1523 1313 1576 1375 Ad

428 1409 512 1473 idem
542 1412 669 1491 tempus
697 1408 801 1471 resero
828 1406 1001 1478 Frontonis
1031 1409 1200 1491 epistolam
1221 1411 1281 1493 HI,
1308 1413 1356 1476 16.
1402 1412 1470 1475 Iam
1494 1413 1576 1496 legit

427 1510 555 1574 Marcus
580 1510 769 1593 comoedias,
801 1509 969 1592 atellanae,
1001 1513 1144 1574 oratores
1173 1516 1306 1595 veteres,
1337 1514 1415 1576 alios
1440 1536 1576 1597 quorum

428 1613 569 1676 studium
596 1612 752 1695 magister
775 1612 1029 1694 commendarat3
1060 1634 1164 1696 nuper
1187 1615 1293 1696 coepit
1314 1614 1422 1698 legere
1444 1618 1574 1678 ornatas

427 1718 460 1779 et
481 1714 681 1798 pompaticas
704 1714 876 1796 orationes,
907 1714 999 1777 credo
1021 1712 1194 1777 Frontonis
1221 1715 1339 1798 ipsius,
1369 1716 1424 1799 qui
1452 1717 1487 1780 in
1514 1717 1575 1781 hoc

427 1816 554 1880 dicendi
576 1837 695 1899 genere
726 1815 918 1897 excellebat,
953 1816 1037 1899 quod
1066 1819 1174 1880 autem
1204 1818 1266 1881 sibi
1293 1818 1391 1902 elegit
1425 1820 1574 1901 ὑπόθεςιν

427 1920 651 2001 ἐπιδεικτικὴν,
686 1939 856 2000 perperam
882 1917 978 1999 fecit,
1017 1941 1095 1981 nam
1130 1941 1197 1982 non
1229 1920 1349 2002 poterit
1380 1942 1434 1983 eas
1465 1921 1575 1983 statim

425 2021 557 2103 imitari,
587 2042 666 2103 quas
694 2019 788 2082 modo
816 2019 986 2103 cognovit?
1016 2019 1099 2084 nihil
1125 2024 1174 2084 est
1195 2022 1353 2086 eiusmodi
1382 2025 1574 2107 argumento

426 2122 604 2205 difficilius3
628 2144 820 2205 quamquam
841 2142 971 2204 prorsus
998 2123 1130 2207 egregia
1152 2124 1258 2187 estin
1280 2123 1415 2188 Caesare
1437 2124 1571 2206 indoleS,

424 2228 461 2288 in
486 2225 600 2288 studiis
628 2227 738 2287 tamen
765 2223 934 2287 rhetoricis
962 2224 1014 2288 via
1043 2227 1139 2308 atque
1166 2225 1277 2289 ordine
1294 2225 1573 2313 progrediendum

426 2331 491 2408 est,
520 2329 557 2389 ut
583 2326 715 2399 tandem
745 2325 784 2388 ad
821 2346 974 2388 cacumen
1006 2327 1186 2409 pervenias
1210 2327 1378 2410 -Scilicet,
1414 2328 1440 2390 si
1468 2326 1574 2390 locum

425 2432 512 2492 recte
539 2428 745 2510 interpretor,
776 2428 850 2511 quia
880 2427 997 2492 Caesar
1025 2429 1165 2492 studiose
1192 2429 1338 2492 imitatus
1367 2432 1437 2493 erat
1465 2430 1573 2493 omnia

426 2552 506 2614 quae
535 2532 628 2593 erant
655 2531 691 2593 in
718 2530 881 2593 Frontone
909 2532 1063 2613 pessima,
1097 2530 1182 2613 quod
1208 2531 1349 2595 solemne
1376 2531 1587 2610 imitatorum·
1628 2600 1630 2603 .

425 2632 539 2695 vitium
562 2634 627 2713 cst,
657 2633 814 2716 magister
836 2631 1015 2714 exhorruit,
1046 2633 1136 2714 quasi
1164 2655 1254 2695 suam
1282 2632 1408 2696 simiam
1429 2633 1570 2696 vidisset.

510 2733 548 2796 ln
579 2733 714 2816 epistola
742 2732 782 2815 V,
810 2733 854 2796 44
885 2731 1006 2797 Fronto
1035 2734 1205 2798 Caesarem
1234 2736 1401 2798 certiorem
1431 2734 1512 2798 facit
1539 2757 1572 2797 se

425 2837 608 2920 aegrotare,
635 2836 670 2898 in
694 2857 731 2898 ea
759 2857 794 2898 re
822 2835 924 2898 utitur
950 2836 1048 2899 verbo
1075 2837 1213 2920 quodam
1226 2835 1364 2919 Lucilii,
1392 2837 1489 2899 nimis
1524 2839 1573 2899 est

423 2936 594 3019 ridiculum
622 2936 791 3001 Caesarem
819 2937 929 3001 videre
954 2937 994 3019 V,
1018 2937 1078 3020 45,
1109 2938 1163 3021 qui
1185 2937 1246 3001 hoc
1272 2959 1338 3001 non
1365 2937 1569 3002 intellexerit.

424 3038 575 3124 Legimus
616 3040 783 3121 praeterea
818 3038 1075 3121 adpropinquare
1108 3042 1238 3122 partum
1277 3038 1451 3103 Faustinae
1492 3043 1572 3102 lunc

423 3141 528 3225 prima
557 3141 624 3204 vice
654 3141 816 3224 gravidae.
862 3139 943 3203 Erat
970 3140 1203 3203 vindemiarum
1229 3143 1357 3223 tempus
1391 3140 1426 3204 et'
1450 3141 1571 3204 Fronto

422 3243 458 3306 in
480 3242 723 3326 imperatoriam
744 3241 853 3304 villam
876 3242 1078 3325 profecturus
1100 3244 1179 3323 erat,
1204 3263 1276 3304 cum
1297 3241 1414 3303 iterum
1436 3242 1572 3306 sentiret

423 3366 526 3428 genus
549 3343 689 3407 dolorem
712 3343 752 3426 V,
775 3345 828 3407 46.
856 3336 1044 3428 Respdndet
1058 3341 1176 3407 Caesar
1197 3341 1233 3404 in
1255 3342 1348 3424 epist.
1372 3340 1412 3424 V,
1435 3343 1487 3425 47,
1511 3364 1571 3405 nec

422 3447 491 3530 ipse
514 3446 593 3509 satis
615 3445 750 3509 validus.
796 3445 905 3508 Tertia
934 3449 966 3509 et
989 3448 1105 3528 quarta
1132 3445 1200 3508 vice
1221 3442 1343 3507 Fronto
1369 3447 1517 3528 aegrotat
1539 3447 1571 3506 et

424 3548 542 3612 Caesar
563 3548 713 3611 rescribit
735 3546 775 3630 V,
800 3548 852 3610 48.
876 3548 928 3610 49.
952 3548 1004 3610 50.
1028 3547 1080 3611 51.
1109 3546 1239 3629 Peperit
1260 3543 1416 3609 Faustina
1439 3549 1471 3608 et
1491 3545 1572 3608 vidit

367 3720 373 3727 ,
423 3648 545 3712 Fronto
566 3649 739 3732 infantem,
764 3648 804 3732 V,
828 3649 880 3731 52,
905 3648 988 3731 quod
1011 3647 1140 3712 Caesari
1163 3650 1293 3731 gratum
1315 3650 1364 3710 est
1385 3646 1427 3728 V,
1450 3646 1502 3710 53.

506 3748 579 3812 Nisi
602 3751 712 3813 tenuia
735 3750 855 3813 indicia
878 3771 928 3812 me
952 3748 1082 3832 fallunt,
1113 3749 1224 3813 eodem
1245 3749 1313 3812 fere
1333 3752 1485 3831 tempore,
1515 3750 1570 3812 sed

423 3851 518 3934 paulo
540 3854 624 3934 post,
655 3852 776 3935 scripta
798 3851 862 3914 fuit
883 3851 1028 3915 Caesaris
1052 3850 1187 3933 epistola
1208 3850 1266 3931 IV,
1290 3851 1320 3913 8.
1358 3849 1509 3913 Nondum
1531 3849 1570 3911 ad

422 3952 532 4015 villam
546 3951 667 4016 Fronto
682 3953 842 4036 proficisci
857 3953 963 4036 potuit
978 3956 1011 4015 et
1026 3952 1144 4017 Caesar
1158 3973 1283 4034 quoque
1298 3952 1440 4034 graviter
1460 3971 1570 4034 aegro·
1592 3978 1597 3983 ·

421 4054 523 4135 tavit,
563 4054 653 4117 cuius
692 4054 908 4118 valetudinem
935 4054 1028 4117 modo
1066 4054 1100 4116 in
1129 4052 1265 4136 epistola
1292 4051 1337 4134 V,
1364 4053 1404 4115 47
1442 4052 1569 4116 videba-
1642 4117 1644 4119 ,

421 4178 492 4219 mus
514 4158 593 4218 tuuc
615 4177 681 4219 non
703 4156 781 4220 satis
803 4157 928 4219 firmam
956 4155 1066 4218 fuisse.
1111 4153 1198 4229 Quae
1227 4153 1370 4236 sequitur
1396 4152 1569 4215 Frontonis

422 4257 557 4341 epistola
584 4256 641 4340 IV,
666 4258 696 4339 9,
725 4258 761 4320 in
790 4280 827 4320 ea
854 4280 920 4320 non
948 4257 1121 4340 respondet
1148 4257 1189 4319 ad
1217 4255 1395 4337 superiores
1424 4252 1569 4317 Caesaris

420 4359 557 4440 litteras,
586 4359 641 4422 sed
671 4359 711 4421 ad
738 4359 818 4422 alias
848 4380 929 4442 quac
958 4357 1133 4441 perierunt.
1178 4356 1283 4419 Homo
1310 4355 1407 4418 miser
1436 4359 1570 4418 vexatur

420 4460 546 4523 humeri
562 4460 678 4523 dolore.
707 4460 942 4542 EpistolaelV,
959 4461 999 4523 10
1019 4480 1086 4522 non
1108 4458 1172 4522 nisi
1194 4479 1328 4540 parvum
1349 4456 1568 4539 fragmentum
1648 4500 1650 4502 ψ

421 4565 584 4626 servatum
613 4565 678 4640 est,
717 4561 801 4644 quod
835 4564 945 4624 tamen
978 4560 1130 4623 collatum
1165 4581 1237 4623 cum
1266 4557 1307 4640 V,
1336 4558 1378 4621 53
1411 4557 1568 4621 indicabit

420 4662 595 4731 Frontonis
618 4662 727 4746 filiam,
753 4663 900 4726 Gratiam
921 4662 1089 4744 minorem,
1119 4662 1230 4724 eadem
1251 4660 1319 4724 fere
1342 4662 1447 4723 aetate
1469 4659 1567 4722 fuisse
