4142 5659
571 697 572 702 ,
647 649 697 704 AD
715 649 751 704 M.
767 647 959 705 CAESAREM
977 648 1024 703 ET
1044 647 1197 704 INVICEM
1214 649 1322 703 LIBER
1339 651 1373 703 ΙΙ.
1537 654 1577 716 37

426 846 509 907 sum,
535 821 712 886 causidicos
733 821 770 884 in
792 820 995 884 undecimam
1020 820 1135 884 horam
1157 821 1261 884 audio.
1302 819 1465 910 Equidem
1482 822 1579 886 velim

425 925 524 988 istam
546 926 685 1005 noctem,
715 944 797 1006 quae
826 914 979 1005 sequitur,
1004 944 1100 1005 quam
1123 922 1344 985 brevissimam
1366 944 1444 986 esse.
1479 924 1592 986 Tanti·

426 1029 476 1090 est
497 1027 606 1089 minus
628 1024 815 1106 lucubrare,
839 1027 877 1087 ut
898 1026 930 1086 te
953 1024 1110 1087 maturius
1133 1024 1268 1087 videam.

511 1126 602 1208 Vale,
628 1127 672 1189 mi
687 1125 843 1209 magister
864 1125 1056 1189 dulcissime.
1079 1125 1184 1189 Mater
1206 1146 1277 1188 mea
1299 1129 1332 1188 te
1350 1126 1479 1190 salutat.
1504 1126 1574 1210 Spi—
1668 1112 1680 1124 ⁸

424 1230 525 1292 ritum
546 1228 599 1291 vix
622 1227 736 1309 habeo,
759 1227 807 1291 ita
829 1248 900 1290 sum
922 1227 1076 1290 defessus.

517 1466 595 1532 xv.
627 1465 839 1551 (11111111
861 1463 1077 1547 nagrsptro
1100 1461 1172 1530 suo
1195 1433 1358 1531 sunem
1380 1466 1482 1534 orest.

510 1619 659 1683 Profecto
692 1619 756 1682 ista
782 1623 840 1682 tua
872 1616 1077 1701 benignitate
1113 1639 1267 1701 magnum
1296 1619 1374 1682 mihi
1407 1624 1574 1705 negotium

424 1720 608 1805 peperisti2.
654 1719 739 1784 Nam
767 1719 824 1782 illa
859 1719 990 1783 cottidie
1020 1721 1077 1781 tua
1105 1717 1255 1782 Lorium³
1288 1721 1412 1802 ventio,
1448 1723 1504 1786 illa
1538 1725 1573 1787 in

424 1845 531 1886 serum
554 1822 735 1905 expectatio
761 1870 1136 1885 ............

786 2058 886 2124 xvl.
922 2057 1089 2144 (Domino
1111 2056 1214 2141 lieo.)

511 2264 517 2276 .
532 2264 538 2276 .
553 2265 559 2276 .
577 2213 601 2298 14
614 2211 760 2294 abripere
775 2212 900 2275 terrae⁶
911 2213 948 2275 ut
963 2211 1083 2275 dicitur
1095 2211 1192 2275 immo
1209 2210 1306 2274 cellae
1321 2212 1414 2275 filios,
1432 2213 1570 2278 Tantam

423 2317 462 2379 de
484 2315 668 2378 thensauris
691 2313 851 2377 Antonini
874 2313 1045 2395 pecuniam
1073 2313 1210 2396 prodigi,
1240 2334 1336 2395 quam
1358 2315 1466 2378 nescio
1489 2338 1570 2399 quae

422 2419 486 2481 ista
509 2416 607 2479 altilis
631 2415 932 2497 alumna'accipiat,
962 2416 1048 2478 unde
1076 2414 1159 2477 nihil
1181 2413 1370 2497 Egatheusl
1397 2419 1567 2499 acceperit.

508 2517 627 2592 Quanti
642 2539 717 2580 vero
739 2537 883 2580 rumores
904 2516 1038 2597 adversi,
1067 2519 1207 2598 quantae
1229 2517 1445 2598 querimoniae
1469 2520 1569 2582 exori-

422 2624 518 2685 entur
540 2620 633 2683 bonis
655 2618 727 2702 lege
749 2617 892 2681 Falcidia
915 2617 1103 2704 distractis?

508 2722 642 2784 Lineam
664 2722 760 2783 istam
782 2709 938 2782 famosam
967 2723 1063 2802 atque
1087 2719 1279 2782 celebratam
1308 2723 1475 2805 ceteraque
1497 2726 1568 2786 tan-

421 2827 475 2886 tae
506 2823 662 2906 pecuniae
696 2824 887 2884 ornamenta
920 2822 990 2904 quis
1018 2821 1126 2884 emet?
1169 2822 1238 2885 Tua
1271 2843 1351 2884 uxor
1383 2823 1410 2884 si
1444 2825 1566 2908 emerit,

508 3068 520 3112 1
540 3060 628 3113 Unius
647 3076 740 3112 versos
758 3060 880 3128 spatium
897 3058 926 3109 in
946 3056 1054 3111 Codice.

507 3177 607 3232 wod.
624 3156 778 3246 proficioita
796 3177 825 3231 ct
841 3195 883 3245 pr.
903 3194 938 3228 m.
957 3183 1106 3244 perperr'sli.

506 3271 521 3318 3
538 3262 673 3317 Antonini
690 3261 733 3314 Pii
751 3261 828 3327 villa,
852 3260 900 3313 ubi
919 3259 1003 3314 etiam
1026 3260 1164 3313 extinctus
1182 3261 1236 3326 est,
1264 3260 1300 3314 ad
1318 3260 1513 3314 duodecimum
1530 3265 1566 3316 ab

422 3349 491 3402 urbe
508 3347 640 3416 lapidem,
658 3347 731 3399 inter
748 3346 867 3399 Romam
886 3347 915 3399 et
931 3344 1045 3398 Alsium.
1082 3349 1176 3398 Maius.
1196 3404 1204 3416 .

506 3437 522 3484 4
540 3431 608 3484 Post
629 3432 759 3485 lacunam
783 3429 882 3499 incipit
904 3428 970 3483 Ccd.
991 3430 1118 3483 Ambros.
1139 3448 1166 3498 p.
1182 3434 1239 3483 104.
1280 3428 1404 3496 Sequens
1425 3431 1565 3498 fragmen-

420 3517 481 3569 tum
500 3516 534 3569 de
553 3532 608 3583 quo
626 3515 690 3569 vide
708 3514 864 3583 Epistulam
886 3514 922 3568 ad
940 3515 1052 3568 Amicos
1069 3515 1090 3567 l.
1105 3521 1150 3580 14,
1174 3531 1230 3582 qna
1252 3514 1314 3567 tota
1336 3530 1379 3566 res
1403 3502 1565 3583 explicatur,

420 3600 561 3654 nonsatis
580 3614 719 3666 assequor,
736 3617 783 3652 cur
801 3598 891 3652 Maius
909 3617 972 3653 cum
988 3598 1142 3653 Niebuhrio
1161 3599 1265 3652 referat
1282 3598 1355 3651 inter
1377 3598 1508 3667 epistolas
1530 3602 1567 3654 ad

420 3685 456 3738 M.
470 3685 642 3738 Antoninum
660 3685 869 3753 Imperatorem.
907 3683 1007 3737 Obstat
1024 3683 1083 3752 ipse
1101 3684 1185 3749 loeus,
1212 3699 1266 3751 quo
1285 3683 1314 3735 in
1332 3682 1433 3737 Codice
1449 3684 1566 3738 Ambro-

421 3769 498 3823 siano
515 3770 586 3823 haec
603 3770 747 3838 leguntur,
767 3769 870 3834 obstat,
888 3767 963 3834 quod
975 3768 1100 3833 Matidia,
1118 3767 1266 3821 Faustinae
1284 3769 1438 3821 matertera
1454 3786 1565 3837 magna,

419 3854 466 3907 vix
483 3854 576 3923 potuit
593 3854 681 3907 vitam
698 3853 852 3922 producere
872 3868 958 3919 usquc
977 3852 1014 3905 ad
1024 3851 1061 3904 M.
1075 3851 1246 3905 Antoninum
1258 3852 1344 3920 lmp.;
1363 3852 1412 3905 sed
1429 3852 1565 3921 imprimis

420 3939 534 3992 obstant
549 3938 621 3991 haec
638 3938 725 3991 verba
742 3937 771 3988 in
789 3936 936 4005 rescripto:
965 3940 1025 3988 Tum
1043 3943 1138 3988 demum
1161 3937 1288 4002 θαρεήεω
1306 3942 1365 3989 rot(
1385 3940 1564 4004 βεβουλευμὲ·

420 4041 491 4090 νοις,
515 4044 568 4077 cum
588 4028 687 4090 fuerint
706 4026 737 4074 ab
756 4027 797 4075 illo
816 4025 992 4089 comprobata:
1015 4019 1045 4071 id
1063 4020 1138 4086 qnod
1154 4020 1229 4073 recte
1247 4019 1301 4072 dici
1317 4021 1411 4088 potest
1427 4021 1461 4074 de
1483 4027 1564 4090 patre

420 4107 555 4173 Caesaris,
573 4107 687 4161 minime
705 4121 772 4159 vero
791 4107 825 4160 de
837 4105 956 4159 LVero.
976 4104 1069 4157 Etiam
1079 4103 1250 4168 Victorinus,
1270 4105 1301 4156 ut
1318 4120 1351 4156 ex
1370 4103 1488 4172 epistola
1505 4106 1564 4174 pla-

418 4193 529 4246 nissime
548 4191 671 4257 confinia,
691 4209 754 4244 cum
771 4190 876 4243 Fronto
895 4189 929 4242 de
946 4189 1000 4243 hoc
1016 4187 1132 4256 negotio
1145 4187 1287 4252 scriberet,
1304 4187 1428 4241 nondum
1447 4189 1564 4244 duxerat

419 4277 555 4335 Gratiam.
574 4275 616 4329 De
629 4291 660 4328 re
673 4277 852 4329 controversa
864 4274 897 4328 cf.
908 4272 1013 4342 Digest.
1024 4271 1133 4325 XXXV.
1147 4277 1170 4324 2.
1178 4278 1218 4325 26.
1238 4270 1275 4325 ad
1285 4271 1390 4339 Legem
1401 4271 1561 4328 Falcidiam.

504 4368 520 4415 5
538 4359 633 4414 Codex
650 4360 723 4413 teste
740 4360 815 4414 Maio
834 4371 857 4412 te
875 4370 974 4427 praesu.
1012 4354 1139 4410 Correxit
1156 4356 1349 4408 Buttmannus.

503 4453 519 4499 6
537 4444 627 4499 Maius
645 4445 744 4498 laudat
765 4442 974 4512 inscriptionem
994 4442 1024 4494 in
1046 4441 1160 4510 regione
1182 4439 1245 4493 viae
1265 4439 1340 4493 latae
1363 4441 1506 4509 repertam
1523 4442 1563 4508 (in

418 4529 484 4584 Cod.
507 4529 572 4584 Vat.
597 4529 730 4582 Ottobon.
750 4536 816 4584 3129
838 4546 865 4597 p.
880 4531 935 4595 69):
963 4526 994 4581 Τ.
1013 4524 1141 4578 Aurelius
1168 4524 1310 4591 Egatheus
1337 4525 1405 4593 lmp.
1428 4526 1563 4580 Antonini

417 4616 488 4684 Aug.
512 4615 572 4668 Lib.
596 4615 621 4666 A
640 4612 778 4668 Codicillis
799 4613 832 4666 D.
857 4613 918 4665 Pos.
942 4641 975 4648 —
998 4613 1028 4663 T.
1047 4610 1206 4676 Αὐρήλι(ο)ε
1231 4609 1364 4672 Ἠγάθεοε
1389 4611 1561 4665 Ἀντωνίνου

418 4701 556 4765 (εβαετοῡ
575 4700 766 4765 ἀπελεύθερος
785 4699 910 4751 ἐπὶτῶν
929 4695 1095 4749 κοδικὶλλων
1114 4697 1208 4759 δῶρον
1227 4694 1371 4760 ἀνέθηκεν.
