4142 5659
503 666 562 730 174
710 664 747 717 Μ.
761 663 930 718 CORNELII
946 661 1155 717 FRONTONIS
1173 660 1430 715 EPISTULARUM

501 835 700 913 documentis
723 837 872 916 expertus
894 855 977 896 sum.
1018 831 1245 896 Habitavimus
1267 854 1342 915 una,
1367 832 1549 895 studuimus
1572 854 1652 915 una,

500 937 606 1000 iocum
627 936 807 1019 seriumque
833 935 1112 1018 participavimuS,
1142 934 1217 997 fidei
1240 933 1423 1011 consiliique
1450 934 1653 1017 pericnlum¹

500 1038 671 1120 fecimus³‚
706 1037 854 1101 omnibus
881 1037 983 1100 modis
1011 1036 1154 1100 amicitia
1181 1039 1292 1099 nostra
1320 1039 1353 1099 et
1373 1035 1534 1118 voluptati
1556 1035 1655 1098 nobis

502 1141 535 1202 ct
555 1139 627 1202 usui
641 1139 715 1202 fuit.
748 1137 960 1214 Quamobrem
978 1140 1136 1221 quantum
1158 1137 1333 1220 plurimum
1355 1158 1496 1219 possum,
1520 1139 1656 1200 tantum

504 1242 565 1326 l²te
583 1237 739 1326 quaelsoL
763 1243 800 1303 ut
823 1239 986 1303 carissimo
1008 1239 1088 1302 mihi
1109 1239 1233 1302 homini
1256 1239 1291 1302 in
1315 1260 1411 1302 causa
1432 1239 1543 1316 faveas
1570 1239 1656 1301 ...³

503 1341 611 1405 citarit
633 1342 673 1405 ad
696 1342 942 1405 accusationem
955 1341 1058 1404 nostri
1080 1341 1201 1403 ordinis
1224 1340 1338 1403 virum.
1376 1339 1438 1405 sed
1460 1340 1554 1403 lectis
1579 1361 1656 1403 con-

504 1443 568 1507 cilii
591 1443 834 1507 commentaris⁴
856 1446 891 1506 ta
916 1493 921 1504 .
950 1491 955 1505 .
985 1442 1082 1524 plane
1108 1493 1113 1504 .
1141 1492 1147 1504 .
1171 1441 1253 1505 facit
1277 1491 1283 1504 .
1311 1491 1317 1503 .
1343 1438 1579 1527 ⁵[propullsarc
1604 1463 1657 1503 co-

502 1545 591 1608 nisus
620 1547 677 1608 est.
730 1543 917 1609 Sollicitudo
947 1540 1068 1629 [animi]
1099 1564 1201 1606 mea.
1228 1543 1258 1606 .⁶
1285 1542 1415 1607 multis⁷
1439 1564 1513 1606 eum
1543 1542 1655 1606 verbis

504 1647 738 1710 commendare:
762 1646 817 1708 scd
838 1645 938 1708 fidum
960 1666 1100 1708 amorem
1122 1645 1224 1708 nostri
1247 1645 1384 1727 spondet
1409 1646 1473 1707 .·.⁸
1496 1645 1575 1728 quid
1598 1666 1656 1727 po-

503 1747 629 1830 stulem,
653 1747 830 1811 orationem
852 1746 941 1809 vobis
963 1768 1064 1809 unum
1086 1767 1192 1808 meum
1212 1731 1346 1808 uerbum
1368 1746 1473 1809 visum
1496 1746 1547 1808 iri.

721 1915 774 1980 Π.
820 1916 1008 1995 Φρόντων
1032 1917 1104 1980 Ἀπ.
1128 1916 1430 2001 Ἀπολλωνίδῃί.

591 2053 809 2131 Κορνηλιανόν
839 2052 1027 2116 (ουλπίκιον
1058 2056 1166 2132 φιλεῖν
1195 2052 1336 2131 ἠρξάμην
1369 2051 1521 2136 ἡεθείῐθὶ(
1543 2057 1592 2134 τῷ
1621 2073 1657 2116 τε

504 2156 617 2237 τρόπῳ
627 2155 767 2234 τάνδρὸς
781 2155 832 2218 καὶ
842 2157 909 2218 τοῖς
925 2154 1050 2230 λόγοιν·
1063 2154 1208 2234 πέφυκεν
1224 2154 1287 2233 γὰρ
1303 2154 1386 2233 πρὸ(
1402 2154 1521 2230 λόγου(
1533 2153 1657 2233 ἄριετα.

506 2257 572 2320 Οὐκ
595 2257 634 2322 ἂν
657 2258 689 2320 δ’
711 2256 845 2347 ἔξαρνον
867 2255 935 2334 εἴην
957 2257 997 2319 τὰ
1020 2261 1134 2334 πρῶτα
1156 2257 1236 2340 παρ’
1259 2257 1329 2334 ἐμοὶ
1360 2255 1513 2337 φέρεεθαι
1537 2258 1598 2335 τὴν
1621 2259 1658 2320 ἐκ
1691 2286 1697 2296 ·

505 2358 649 2422 παιδεία(
672 2358 781 2439 φιλίαν
798 2361 1014 2423 ευεταθεῖεαν·
1037 2357 1184 2422 παιδείαν
1200 2359 1235 2420 δὲ
1250 2358 1368 2436 ταύτην
1392 2358 1478 2434 λέγω
1501 2359 1562 2437 τὴν
1586 2361 1656 2424 τῶν

506 2459 668 2539 ῥητόρων·
690 2459 769 2548 αίίτη
785 2460 847 2537 γὰρ
869 2463 957 2523 δοκεῖ
973 2481 1025 2538 μοι
1049 2458 1234 2539 ἀνθρωπίνη
1251 2481 1297 2523 τι(
1320 2457 1452 2523 evuin·
1476 2459 1579 2524 12τῶν
1603 2481 1656 2541 φι-

507 2561 661 2640 λοςόφων
684 2560 752 2623 θεία
773 2581 819 2624 τι(
842 2560 932 2624 dcam.
967 2562 1133 2639 Βοήθηεον
1157 2560 1217 2626 οὖν
1240 2562 1279 2624 τὰ
1296 2561 1419 2626 δυνατὰ
1443 2561 1657 2646 Κορνηλίανῷ

507 2660 618 2746 ἀγαθῷ
641 2662 732 2740 ἀνδρὶ
754 2661 847 2740 κάμοὶ
870 2662 957 2743 φίλῳ
980 2663 1030 2725 καὶ
1053 2652 1093 2726 αὐ
1116 2662 1336 2745 φιλοαίφῳῐί.

593 2913 610 2950 a
628 2901 661 2949 In
678 2903 802 2965 murpinc:
826 2897 1019 2952 Habitarimus
1037 2897 1211 2952 -fecimus

594 3100 774 3154 lltaMaius¹
801 3099 1069 3155 AmicusinCodicc
1082 3102 1164 3155 vidit:
1184 3100 1384 3155 CONS...I.
1401 3102 1543 3156 ..Nc
1565 3103 1658 3168 LU(¹);

508 3183 572 3237 hinc
590 3184 686 3238 addidi
705 3204 761 3255 que.
1265 3202 1269 3211 ’

592 3275 608 3322 2
626 3269 728 3339 Incipit
745 3271 835 3324 altera
856 3269 976 3338 paginae
995 3266 1131 3336 columna,
1150 3287 1234 3337 quam
1253 3287 1308 3324 non
1326 3261 1444 3324 contulit
1463 3271 1578 3325 amicus.

593 3361 609 3408 3
628 3353 731 3423 Supple
749 3355 807 3408 tres
824 3371 929 3408 versus,
950 3359 1060 3409 'Maius

593 3444 610 3490 4
628 3439 671 3492 lta
690 3437 783 3491 Codex
800 3454 853 3506 pro
870 3445 1063 3492 commentariis.

594 3529 609 3576 5
628 3522 730 3591 Supple
749 3522 818 3576 duos
836 3522 894 3575 fere
912 3539 1008 3576 versus
1025 3523 1055 3576 in
1071 3523 1115 3576 his
1133 3524 1222 3577 tribus
1240 3525 1353 3579 lacunis.
1383 3531 1477 3580 Maius.

595 3613 610 3658 d
628 3606 732 3675 Supplc
749 3609 807 3660 tres
825 3607 940 3660 litteras.
978 3613 1072 3661 Maius.

595 3697 610 3744 7
628 3690 717 3744 Maius
734 3691 849 3759 legebat
865 3696 949 3744 limitis
966 3708 1018 3761 pro
1035 3699 1125 3746 moltis.
1163 3692 1328 3748 Coniectura
1346 3696 1388 3747 cst
1406 3695 1569 3748 Heindorfii.

595 3774 733 3843 SSupple
750 3775 806 3829 tria
824 3777 881 3828 fere
899 3777 993 3830 verba.
1031 3781 1127 3831 Maius.
1404 3819 1407 3824 -

595 3865 610 3911 9
629 3858 824 3926 Apollonidem
843 3860 982 3926 quendam
1000 3861 1160 3930 chirurgum
1178 3862 1276 3916 laudat
1288 3863 1488 3928 Artemidorus,
1506 3862 1658 3916 Frontonis

511 3942 599 3996 nostri
617 3943 749 4011 aequalis,
768 3944 802 3998 de
821 3943 914 3999 Somn.
934 3945 980 3999 IV.
1000 3952 1023 3999 3.
1063 3950 1157 3999 Maius.

581 4033 612 4081 10
628 4027 729 4097 Incipit
747 4028 813 4082 Ccd.
832 4048 859 4099 p.
878 4036 936 4084 336.

581 4119 610 4165 ll
630 4111 734 4166 Codex:
753 4132 848 4169 νειναι.
973 4101 974 4105 “

581 4204 611 4251 12
628 4197 747 4252 Videtur
765 4199 924 4253 addendum
942 4201 960 4266 ἡ
980 4202 1016 4252 δέ.
1055 4203 1231 4254 Buttmannus.

581 4290 612 4338 13
629 4284 673 4337 Ita
684 4283 782 4351 Maius,
801 4285 848 4352 qui
859 4285 1008 4353 praeterea
1020 4284 1166 4337 adnotavit
1177 4285 1262 4339 breve
1280 4287 1446 4340 vocabulum
1464 4287 1510 4340 hic
1527 4287 1660 4356 supplen-

512 4367 578 4421 dum
599 4368 696 4423 videri.
732 4368 768 4420 Et
793 4368 907 4438 periisse
930 4369 1041 4437 septem
1063 4370 1107 4421 vel
1125 4370 1188 4422 octo
1211 4370 1319 4425 litteras
1341 4372 1461 4440 apparet
1482 4389 1515 4424 ex
1534 4372 1660 4435 editione

511 4451 632 4519 Mediol,
650 4452 679 4505 in
697 4469 753 4519 qua
769 4452 859 4507 Maius
877 4454 994 4507 dederat
1006 4455 1086 4520 ἀνδρί
1104 4456 1253 4524 δαμοφίλῳ
1273 4460 1318 4510 καλ
1338 4457 1439 4524 [φίλῳ]
1459 4459 1505 4509 καὶ
1524 4458 1557 4510 οὐ
1577 4460 1660 4522 φιλο-

513 4539 601 4604 (dorp.
628 4536 740 4591 Amicus
758 4538 826 4590 nihil
843 4535 969 4591 distinxit
986 4541 1100 4606 praeter
1116 4540 1197 4593 haec:
1222 4541 1297 4610 φίλῳ
1318 4542 1338 4594 Κ
1358 4582 1363 4593 .
1381 4542 1403 4593 Λ
1417 4583 1656 4596 ............

514 4664 582 4675 ,...
619 4620 699 4686 Quod
715 4623 792 4675 locus
810 4623 946 4691 postulat,
969 4623 1034 4676 satis
1054 4624 1182 4678 convenit
1204 4642 1265 4678 cum
1282 4626 1336 4679 hoc
1355 4625 1446 4694 spatio
1464 4625 1566 4693 viginti
1584 4627 1660 4680 litte·

513 4707 618 4760 rarnm:
642 4710 687 4761 καί
705 4707 792 4774 λογίῳ
812 4710 857 4760 καί
875 4709 909 4760 οὐ
928 4711 1088 4778 φιλοεόφῳ.
