4142 5659
526 663 613 708 XXVI
961 643 1241 698 PROLEGOMENA.

525 816 679 879 iudicium
705 817 789 879 ferre
817 816 855 879 dc
882 814 1055 877 Frontonis
1085 817 1153 877 arte
1177 816 1333 878 oratoria.
1383 815 1424 879 In
1460 817 1524 879 fine
1553 816 1671 881 Caesar

526 917 710 1001 significare
733 918 867 998 videtur,
891 917 947 979 sed
970 916 1123 1000 ambigua
1145 939 1196 980 res
1214 919 1272 996 est,
1297 940 1331 980 se
1346 917 1500 980 Pollionis
1523 918 1671 1001 magistri

526 1019 716 1083 auctoritate
743 1019 783 1081 ab
810 1018 938 1082 Horatii
965 1018 1104 1082 lectione
1134 1019 1322 1082 deterritum
1352 1041 1420 1082 csse
1447 1019 1542 1102 idque
1569 1019 1670 1084 Hero-

526 1122 596 1184 dem
628 1122 819 1204 improbare.
865 1120 1027 1184 Rescribit
1055 1121 1176 1184 Fronto
1205 1124 1238 1184 ct
1268 1121 1377 1185 multis
1409 1121 1515 1186 verbis
1547 1123 1670 1205 gratias

525 1224 595 1308 agit
608 1222 634 1305 Ι,
653 1224 682 1288 7.

609 1324 648 1387 In
671 1324 776 1408 Fpist.
799 1324 849 1407 H,
876 1326 891 1387 1
923 1325 1043 1388 Fronto
1066 1325 1222 1407 explicat,
1248 1347 1303 1389 cur
1326 1326 1468 1389 nondum
1491 1328 1670 1391 orationem

523 1429 559 1492 in
582 1429 697 1491 senatu
724 1427 876 1491 habuerit
904 1431 936 1491 et
958 1427 1122 1510 significat
1143 1449 1177 1490 se
1199 1426 1339 1511 August.
1363 1426 1410 1491 Id.
1435 1428 1473 1490 de
1495 1428 1545 1491 Pii
1568 1430 1669 1493 laudi-

524 1531 584 1594 bus
614 1552 682 1593 esse
710 1530 880 1619 dicturum.
926 1529 1060 1610 Caesar,
1090 1529 1146 1611 qui
1171 1531 1250 1592 tunc
1277 1529 1417 1614 longius,
1433 1529 1559 1612 aberat,
1591 1532 1670 1595 duas

524 1634 701 1715 postremas
724 1632 874 1714 epistolas
898 1631 991 1694 simul
1015 1631 1155 1714 accepit:
1179 1634 1264 1694 certe
1287 1632 1327 1694 ad
1349 1634 1517 1715 utramque
1539 1654 1669 1715 respon-

524 1734 579 1796 det
600 1733 642 1817 ΙΙ,
667 1734 697 1797 2.
743 1733 837 1817 Legit
866 1732 1017 1796 Plautum
1046 1736 1079 1796 et
1100 1732 1274 1816 Naevium,
1305 1733 1369 1797 nisi
1395 1733 1535 1797 Novium
1563 1735 1667 1799 malis

525 1833 621 1898 Brevi
643 1840 733 1918 post,
757 1835 900 1899 oratione
923 1835 958 1898 in
974 1838 1089 1899 senatu
1104 1835 1250 1918 recitata,
1274 1834 1395 1898 Fronto
1418 1836 1531 1899 scribit
1553 1838 1668 1920 episto-

523 1939 589 2000 lam
603 1937 629 2021 I,
647 1939 677 2001 8.
709 1938 829 2002 Suadet
843 1937 1009 2020 discipu10,
1027 1960 1069 2001 ue
1085 1936 1167 2000 solos
1181 1940 1293 2021 poetas
1309 1939 1459 2020 sectetur,
1477 1939 1533 2002 sed
1548 1938 1669 2022 aliquid

523 2040 676 2123 temporis
691 2040 814 2103 tribuat
828 2061 941 2123 prosae
956 2061 1080 2123 quoque
1092 2039 1240 2103 orationi.
1268 2039 1370 2103 Addit
1380 2039 1500 2103 Fronto
1513 2041 1669 2105 Graecam

524 2142 691 2225 epistolam
706 2142 805 2206 Matri
821 2142 966 2206 Caesaris
981 2141 1188 2224 inscriptam,
1212 2164 1293 2224 quae
1308 2141 1394 2204 inter
1409 2141 1550 2206 Graecas
1564 2143 1669 2226 prima

524 2246 581 2307 est.
627 2244 745 2308 lisdem
773 2266 897 2328 quoque
925 2243 1036 2306 diebus
1064 2241 1184 2306 Fronto
1212 2243 1381 2326 epistolam
1408 2244 1552 2327 scripsit,
1588 2267 1668 2328 quae

524 2349 572 2409 est
594 2347 698 2428 prima
720 2347 761 2409 ad
783 2345 987 2409 Antoninum
1009 2344 1119 2427 Pium,
1149 2366 1248 2428 quum
1269 2347 1447 2409 orationem
1469 2346 1612 2410 mitteret
1633 2348 1669 2411 in

524 2448 591 2511 cius
623 2448 750 2511 laudem
783 2447 914 2511 dictam.
964 2447 1176 2531 Respondent
1207 2445 1284 2509 Pius
1316 2447 1351 2510 in
1385 2447 1486 2511 altera
1521 2449 1666 2533 epistola,

523 2548 650 2614 Marcus
673 2551 708 2613 in
731 2551 824 2633 epist.
848 2549 892 2631 ΙΙ,
916 2551 952 2631 3,
982 2549 1017 2612 in
1046 2571 1109 2632 qua
1131 2548 1253 2631 optimo
1276 2548 1471 2613 adolescenti
1494 2551 1592 2614 verba
1615 2552 1668 2614 de-

523 2654 599 2715 sunt
627 2653 668 2714 ad
696 2651 944 2735 praedicandam
978 2650 1199 2714 admirabilem
1232 2650 1405 2714 Frontonis
1440 2644 1670 2735 eloquentiam.⁸

523 2753 687 2836 Epistulae
709 2753 753 2835 H,
776 2753 797 2815 4
825 2774 892 2815 non
921 2752 985 2814 nisi
1015 2774 1151 2835 parvum
1172 2755 1394 2837 fragmentum
1416 2756 1580 2818 servatum
1603 2759 1667 2838 est,

522 2855 651 2918 Marcus
679 2855 820 2918 studiose
844 2854 999 2919 Catonem
1026 2855 1117 2938 legit.
1163 2854 1295 2918 Ultimis
1324 2855 1435 2918 diebus
1457 2879 1500 2919 m.
1525 2855 1667 2940 Augusti

522 2958 645 3040 scripta
675 2978 799 3040 quoque
828 2958 877 3019 cst
904 2957 996 3039 epist.
1026 2956 1069 3039 ΙΙ,
1095 2957 1125 3020 8.
1176 2957 1282 3020 Mater
1310 2956 1472 3039 Caesaris,
1503 2958 1544 3020 ad
1572 2981 1667 3042 quam

522 3058 617 3122 simul
638 3059 727 3122 misit
749 3059 884 3121 alteram
903 3058 1063 3122 Graecam
1091 3058 1275 3142 epistolam,
1306 3059 1390 3123 diem
1417 3060 1560 3123 natalem
1588 3061 1667 3124 cele-

521 3161 654 3224 bratura
676 3162 734 3243 est,
758 3183 818 3224 nec
839 3163 950 3225 tamen
964 3160 1085 3224 Fronto
1106 3161 1243 3224 maxime
1267 3161 1399 3244 cupiens
1414 3159 1573 3245 Neapoliu
1597 3185 1667 3226 evo-

521 3262 588 3325 lare
610 3253 732 3346 potest,
762 3263 836 3346 quia
864 3263 1007 3326 nondum
1030 3263 1167 3326 ciuravit
1188 3263 1424 3346 magistratum.
1470 3262 1560 3338 Quod
1582 3263 1666 3327 Mar-

523 3386 577 3428 cus
600 3365 766 3447 respondit
782 3364 825 3445 H,
843 3365 873 3446 9,
897 3365 965 3427 fere
987 3365 1093 3447 periit.
1125 3363 1360 3429 Creberrimum
1382 3365 1447 3427 fuit
1467 3365 1531 3428 illis
1554 3366 1666 3430 diebus

455 3514 458 3519 .
522 3465 730 3548 epistolarum
758 3467 998 3548 commercium,
1028 3488 1105 3529 nam
1131 3467 1228 3549 plane
1256 3468 1383 3530 constat
1404 3466 1468 3529 huc
1489 3467 1567 3530 item
1595 3491 1666 3551 per-

522 3567 625 3630 tinere
649 3567 794 3632 Caesaris
817 3567 910 3649 epist.
934 3565 977 3650 ΙΙ,
1004 3569 1053 3631 10.
1098 3567 1198 3631 Totus
1221 3571 1271 3631 est
1291 3568 1327 3630 in
1349 3567 1479 3649 studiis,
1507 3568 1666 3652 imprimis

522 3669 629 3752 diligit
641 3671 782 3732 vetustos
797 3671 923 3752 poetas,
935 3669 1055 3753 itaque,
1072 3671 1241 3733 dummodo
1252 3669 1358 3732 locum
1369 3671 1456 3732 recte
1471 3670 1664 3756 intelligam,

521 3772 638 3834 iterum
666 3771 842 3855 significat·
858 3793 891 3834 se
913 3771 1107 3855 flagrantem
1136 3771 1340 3855 antiquitatis
1368 3793 1490 3855 amore,
1520 3771 1665 3838 Pollione

522 3874 667 3955 auctore,
693 3872 732 3935 ab
754 3872 891 3936 Horatio
914 3873 1100 3937 alieniorem
1122 3897 1190 3938 esse
1212 3874 1345 3937 factum.

605 3973 645 4038 ln
667 3968 759 4057 epist.
782 3966 831 4058 H,
853 3976 891 4038 13
915 3978 947 4038 et
971 3976 1011 4038 14
1039 3976 1156 4041 Caesar
1184 3976 1298 4039 scribit
1327 3976 1388 4039 sibi
1416 3977 1511 4039 unice
1538 3977 1666 4060 placere

522 4076 688 4159 Catonem,
711 4077 818 4140 minus
840 4077 967 4160 placere
991 4076 1194 4159 Sallustium,
1219 4081 1274 4140 scd
1296 4078 1414 4142 iudicia
1437 4080 1538 4142 otium
1560 4080 1601 4142 ad
1622 4080 1666 4143 le-

477 4224 480 4227 -
521 4179 662 4263 gendum
690 4180 844 4243 eximunt.
890 4179 1011 4243 Fodem
1039 4179 1124 4242 refer
1150 4177 1193 4260 ΙΙ,
1221 4178 1274 4261 15,
1304 4180 1379 4262 quia
1408 4203 1446 4243 ex
1479 4181 1666 4245 brevissimo

519 4281 703 4364 fragmento
726 4285 861 4364 apparet
882 4281 1081 4345 Frontonem
1100 4301 1253 4364 prospera
1275 4282 1458 4345 valetudine
1480 4282 1543 4364 uti,
1567 4304 1666 4366 quum

519 4383 606 4446 infra
634 4383 809 4446 videbimus
843 4405 916 4446 eum
944 4404 1030 4446 anno
1066 4382 1250 4445 consulatus
1285 4384 1334 4446 sui
1366 4404 1433 4446 non
1468 4387 1663 4467 aegrotasse.

520 4482 609 4559 Quae
631 4485 774 4567 sequitur
797 4485 890 4566 epist.
914 4483 963 4565 H,
990 4485 1029 4547 16
1058 4506 1130 4547 cum
1158 4485 1315 4568 rescripto
1337 4484 1386 4567 ΙΙ,
1414 4484 1451 4548 17
1481 4486 1520 4549 de
1541 4485 1665 4550 heredi-

519 4589 587 4650 tate
609 4585 773 4668 Matidiae,
799 4608 855 4649 cur
878 4585 1005 4648 credam
1027 4585 1156 4650 Caesari
1178 4587 1287 4649 datam
1309 4608 1387 4669 esse,
1411 4609 1477 4650 non
1500 4586 1544 4650 M.
1562 4587 1664 4652 Anto-

519 4688 598 4755 nino
620 4687 821 4774 Imperatori,
846 4687 949 4751 dicam
972 4688 1012 4750 ad
1034 4685 1230 4754 Frontonem
1251 4689 1366 4775 ipsum.
1412 4689 1532 4753 Iisdem
1553 4690 1664 4757 diebus
