4142 5659
520 674 582 736 160
730 672 767 724 M.
782 670 951 724 CORNELII
968 670 1176 723 FRONTONIS
1194 670 1450 724 EPISTULARUM

518 863 572 905 eas
606 864 717 925 promo
747 892 978 905 ......
1013 865 1054 905 en
1084 892 1261 906 .....
1300 865 1323 905 n
1357 846 1395 905 u¹
1433 892 1662 908 ......

519 994 526 1007 .
553 994 560 1007 .
583 949 654 1007 unt.

602 1046 710 1108 Laudo
726 1048 867 1111 censoris
881 1052 962 1110 illud
967 1047 990 1129 ²,
1013 1048 1068 1130 qui
1083 1047 1175 1110 ludos
1190 1047 1322 1110 talarios
1343 1051 1491 1125 essuperet
1497 1047 1558 1131 Ἣ*
1580 1048 1665 1130 quod
1763 1121 1765 1123 .

517 1152 618 1210 semet
638 1148 743 1230 ipsum
765 1149 902 1231 diceret,
928 1171 1000 1212 cum
1028 1171 1066 1211 ea
1088 1151 1318 1232 praeterisset5,
1348 1149 1481 1211 difficile
1509 1149 1665 1232 dignitati

517 1250 652 1331 servire,
682 1250 759 1332 quin
789 1252 981 1314 admodum
1004 1251 1118 1314 crotali
1141 1255 1197 1314 aut
1220 1250 1358 1334 cymbali
1381 1250 1494 1332 pedem
1516 1253 1663 1333 poneret.

517 1350 598 1413 Turn
621 1355 787 1434 praeterea
810 1352 911 1415 multa
933 1353 1066 1415 suntin
1089 1353 1151 1414 isto
1173 1374 1293 1436 genere
1315 1352 1443 1415 dicendi
1464 1353 1601 1415 sinceris
1624 1352 1665 1414 si-

516 1452 622 1533 milia,
660 1453 723 1515 nisi
751 1455 823 1537 quis
846 1455 1020 1538 diligenter
1042 1455 1236 1518 examinata
1280 1459 1392 1532 Iusque
1413 1459 1517 1518 dutum
1539 1460 1651 1518 sceleri
1656 1480 1665 1515 :

517 1552 576 1627 (Μ
599 1555 753 1617 Annaeus
777 1555 833 1618 ait.
879 1556 1000 1620 Contra
1022 1555 1207 1620 Sallustius:
1238 1576 1322 1620 omne
1344 1562 1391 1618 ius
1412 1562 1442 1618 ln
1465 1560 1666 1620 calidioribus

516 1676 589 1718 esse,
635 1656 822 1720 Gallicanus
850 1658 978 1740 quidam
1006 1658 1202 1721 declamator
1231 1680 1303 1721 cum
1331 1657 1523 1720 Macedones
1546 1657 1665 1720 delibe-

518 1757 632 1838 rantis,
656 1756 841 1821 Alexandro
862 1759 974 1822 morbo
995 1763 1133 1842 mortno7
1157 1783 1199 1823 an
1215 1759 1440 1841 Babylonem.
1466 1809 1473 1821 .
1500 1809 1507 1822 .
1528 1774 1541 1822 ·.
1569 1809 1576 1822 .
1603 1809 1609 1821 .
1636 1759 1664 1820 ,7

518 1858 643 1941 quidsi
667 1861 771 1941 utenS,
796 1881 866 1923 com
890 1910 1029 1924 .....
1037 1864 1050 1900 ⁸
1072 1884 1141 1943 nea,
1168 1861 1285 1944 inquit.

602 1959 758 2023 Factum⁹
780 1966 844 2026 est:
867 1964 977 2025 eodem
999 1962 1061 2025 hoc
1083 1963 1179 2026 verbo
1194 1962 1283 2026 Enni
1300 2013 1308 2026 .
1324 1962 1513 2032 Ultrnlnl(
1531 2011 1538 2024 .
1558 2011 1565 2024 .
1583 2011 1590 2024 .
1609 1961 1665 2025 CA

426 2112 433 2124 .
519 2062 707 2144 elaudlait,
730 2063 925 2127 factumest
949 2115 956 2127 .
982 2115 989 2126 .
1014 2069 1048 2127 et
1066 2069 1196 2140 fucinus
1220 2064 1487 2128 commemorabile
1497 2065 1538 2126 ¹⁰:
1572 2063 1664 2126 Tibe-

519 2165 562 2226 ris
585 2167 649 2246 est,
674 2164 793 2247 Tusce,
818 2165 959 2248 Tiberia,
984 2188 1078 2249 quem
1100 2167 1191 2229 iubes
1214 2166 1347 2229 clndi¹¹:
1384 2165 1483 2228 Tiber
1505 2166 1611 2228 amnis
1633 2169 1666 2227 et

473 2285 476 2289 ’
518 2265 666 2329 dominus
682 2270 715 2330 et
729 2266 897 2330 fluentium
914 2268 999 2330 circa
1014 2272 1169 2352 regnator
1191 2268 1349 2331 undarum
1359 2269 1391 2342 ¹52.
1423 2267 1567 2330 Ennius:
1584 2273 1665 2330 Post·

518 2388 607 2444 quom
639 2369 805 2432 corrsr'sn't¹3
837 2375 947 2446 [leucius
979 2377 1032 2447 qul
1065 2377 1194 2434 omnium
1224 2377 1383 2450 princeps,
1426 2379 1478 2447 qul
1513 2374 1568 2432 sub
1599 2389 1665 2431 cne-

605 2522 623 2556 a
645 2509 677 2556 ln
695 2510 819 2572 murpine:
849 2504 938 2557 Multa
963 2506 1027 2557 sunt
1049 2504 1149 2559 similia
1170 2506 1296 2572 sinceris,
1318 2506 1371 2558 nisi
1394 2504 1581 2573 scmpulosius
1604 2520 1665 2556 exa-

519 2588 667 2641 minentur.

607 2697 619 2742 1
639 2691 670 2742 In
687 2691 731 2743 his
748 2690 854 2744 lacunis
871 2691 1014 2760 perierunt
1030 2693 1088 2746 tres
1106 2710 1210 2746 versus.

605 2780 621 2827 2
639 2774 747 2844 Nempe
765 2776 887 2843 quinque
904 2777 1016 2830 litterae
1035 2777 1179 2831 evanidas.

604 2867 620 2913 3
637 2859 745 2913 Novem
763 2860 881 2914 litterae.

605 2950 622 2997 4
639 2945 739 3013 Incipit
758 2945 824 2999 eod.
844 2965 871 3015 p.
891 2953 949 3001 349.

606 3036 621 3083 5
640 3031 671 3082 In
688 3029 789 3084 Codice
807 3030 863 3100 legi
881 3032 1004 3085 videtur:
1021 3052 1088 3100 prae
1107 3076 1112 3085 .
1135 3074 1140 3084 .
1161 3075 1167 3085 .
1187 3075 1193 3085 .
1215 3075 1220 3084 .
1241 3076 1246 3084 .
1265 3043 1313 3088 set.
1343 3031 1432 3084 Maius
1450 3049 1505 3085 non
1524 3031 1667 3101 expedivit

520 3115 591 3167 hanc
608 3114 784 3168 sententiam.
820 3114 951 3170 Lectores
972 3117 1087 3170 videant
1105 3133 1140 3169 an
1159 3134 1203 3169 res
1220 3116 1289 3168 mihi
1306 3117 1404 3168 melius
1423 3116 1543 3169 cesserit.

604 3201 681 3253 cin
698 3199 927 3268 Maiuslegebat.
1301 3204 1303 3208 ¹
1675 3184 1706 3234 ὓ

605 3291 619 3339 l
638 3283 742 3354 Supple
761 3286 959 3340 octolitteras.
995 3287 1139 3339 Fortasse:
1158 3308 1192 3340 un
1210 3291 1344 3354 Babylone
1362 3299 1501 3341 manerent.

604 3373 620 3422 8
638 3369 742 3438 Supple
761 3371 882 3438 quinque
900 3372 1017 3425 litteras.
1054 3372 1198 3425 Fortasse:
1221 3378 1347 3426 commode
1365 3366 1459 3426 mones.

604 3462 619 3508 9
638 3455 681 3507 Ita
697 3455 728 3507 in
746 3454 846 3508 Codice
865 3473 882 3509 a
898 3457 981 3510 linea.
1001 3488 1034 3495 —
1052 3456 1159 3511 Vitium
1177 3474 1194 3509 a
1206 3455 1347 3527 Frontone
1359 3459 1480 3510 ⁴notatur
1497 3457 1526 3509 in
1544 3458 1667 3526 repetita

519 3540 659 3593 locutione
679 3544 839 3606 factumest.
871 3545 1049 3595 Buttmannns.
1085 3541 1244 3594 Consulenti
1262 3541 1374 3611 patebit
1391 3541 1450 3594 eius
1469 3542 1666 3611 supplementa

518 3623 631 3676 minime
650 3624 796 3677 convenire
815 3641 877 3677 cum
896 3625 962 3679 Uod.
981 3626 1095 3680 lacrmis.

589 3715 620 3761 10
637 3708 763 3762 Lacunas
785 3709 905 3763 indicavi
928 3712 1063 3777 quantum
1085 3712 1165 3780 potui
1187 3711 1401 3764 accuratissime.
1437 3711 1478 3764 De
1500 3712 1563 3764 loco
1587 3713 1667 3765 resti-

519 3794 622 3847 tuendo
641 3793 770 3860 equidem
788 3794 913 3863 despero,
951 3795 1027 3859 Quae
1047 3797 1181 3865 supplevi,
1200 3797 1265 3849 dedi
1282 3795 1381 3849 litteris
1398 3795 1509 3850 italicis.

588 3884 618 3930 11
638 3877 928 3934 bossemannus.
953 3879 1091 3934 Videntur
1108 3882 1197 3934 verba
1214 3881 1297 3935 edicti
1315 3880 1389 3933 illius
1408 3897 1462 3947 quo
1481 3881 1518 3933 M.
1538 3881 1667 3934 Aurelius

519 3962 643 4016 Tiberim
660 3963 841 4018 inundantem
861 3966 981 4019 coerceri
998 3965 1118 4019 iusserit.
1154 3966 1235 4018 Illam
1262 3968 1338 4019 certe
1360 3966 1498 4019 urbanam
1521 3965 1666 4018 calamita-

518 4049 576 4100 tem
595 4049 645 4102 snb
663 4047 749 4101 initiis
766 4048 876 4118 imperii
894 4051 1021 4104 divorum
1039 4051 1170 4104 Fratrum
1188 4051 1339 4118 contigisse
1357 4051 1398 4104 ait
1410 4050 1560 4118 Capitolin.
1579 4050 1609 4101 in
1628 4051 1666 4102 M.

518 4150 578 4201 cap.
597 4132 662 4186 VIII
681 4150 797 4202 eamque
817 4152 882 4189 cura
899 4135 1056 4205 principum
1078 4135 1162 4188 fuisse
1180 4137 1376 4204 temperatam.
1414 4140 1510 4190 Maias.

587 4224 618 4272 12
635 4218 753 4272 Videtur
779 4219 889 4273 Marcus
916 4221 1007 4274 edicto
1033 4237 1083 4273 suo
1104 4220 1254 4289 Virgilium
1276 4221 1401 4273 imitatus
1427 4220 1496 4273 Aen.
1519 4219 1593 4273 VIII.
1619 4227 1666 4274 77:

517 4309 635 4372 corniper
652 4309 813 4371 hesperidum
829 4311 919 4373 (lucius
936 4316 1060 4373 repnalor
1077 4326 1207 4374 aquarum.
1234 4310 1328 4359 Maius
1360 4304 1424 4371 Non
1442 4304 1541 4373 opinor
1559 4304 1668 4358 Maium

516 4387 684 4441 intellexisse
703 4389 769 4455 quid
787 4389 891 4442 Fronto
910 4389 998 4455 dicat:
1022 4393 1103 4443 erunt
1121 4391 1241 4449 fortasse
1260 4389 1411 4456 aliquando
1429 4389 1476 4457 qui
1493 4390 1567 4442 hanc
1584 4389 1667 4458 pagi-

516 4491 582 4527 nam
600 4473 761 4543 expediant:
781 4474 910 4540 equidem
928 4491 1042 4543 operam
1060 4472 1177 4542 perdidi.
1307 4539 1311 4549 θ

586 4565 617 4612 13
636 4557 702 4611 Ood.
723 4558 839 4612 CONS'I
854 4602 859 4611 .
875 4603 880 4612 .
895 4559 944 4625 TI,
968 4559 1017 4611 sed
1034 4559 1147 4612 litterae
1170 4561 1292 4628 fugaces.
1330 4559 1425 4613 Cicero
1445 4560 1522 4612 Orat.
1541 4563 1583 4624 48,
1605 4564 1667 4612 161:

517 4650 559 4714 qni
583 4654 621 4698 est
639 4647 737 4698 omnlbu
753 4649 884 4712 princeps.
921 4644 1063 4698 Vahlenus
1090 4645 1273 4699 conferendus
1300 4646 1329 4698 et
1353 4645 1491 4696 Beckerus
1517 4645 1546 4696 in
1568 4643 1668 4698 Diario

516 4729 604 4783 Marb.
626 4733 690 4782 1849
708 4747 735 4796 p.
754 4737 812 4784 331.
