4142 5659
762 660 811 713 AD
830 659 963 714 amcos
980 660 1089 714 LIBER
1107 660 1127 714 Ι.
1460 663 1522 726 173

375 831 548 914 liatumque
571 830 677 894 vellet.
722 830 884 894 Paulatim
907 831 1044 914 denique
1071 830 1133 893 iste
1155 851 1223 893 mos
1246 851 1435 914 progressus
1458 833 1518 912 est,

374 938 408 995 ut
422 933 521 996 etiam
537 954 601 1015 eos,
625 934 680 1016 qui
702 933 831 1015 publico
846 933 897 996 vel
912 933 1039 1015 privato
1061 932 1178 995 iudicio
1202 932 1430 1014 disceptarent,
1453 953 1520 995 non

373 1037 480 1097 tamen
503 1034 640 1116 inproba
662 1055 712 1096 res
735 1033 896 1097 videretur
918 1032 1078 1096 iudicibus
1100 1033 1179 1115 ipsis
1202 1033 1336 1114 antiis,
1366 1033 1422 1116 qui
1445 1054 1519 1096 con-

373 1135 441 1197 silio
465 1135 626 1217 adessent,
652 1135 908 1198 commendare¹:
931 1143 1002 1197 non‘
1014 1134 1138 1217 opinor,
1163 1135 1203 1197 ad
1225 1134 1383 1197 iustitiam
1405 1134 1518 1197 iudicis
1576 1127 1580 1131 ’

372 1236 632 1299 labefactandam
659 1236 710 1300 vel
733 1237 771 1299 de
793 1257 868 1299 vera
890 1236 1055 1298 sententia
1077 1235 1331 1318 deducendam²;
1360 1234 1434 1298 sed³
1456 1237 1518 1297 iste

371 1338 406 1400 in
426 1338 506 1420 ipsis
529 1338 656 1401 iudiciis
685 1358 753 1400 mos
775 1337 975 1401 inveteratus
998 1338 1084 1419 erat,
1115 1357 1211 1400 causa
1232 1339 1381 1418 perorata
1409 1336 1517 1399 lauda-

372 1441 456 1503 tores
489 1438 657 1526 adhibere,
688 1439 742 1523 qui
764 1445 897 1517 quidde
919 1441 992 1501 reo⁴
1016 1437 1257 1520 existimarent,
1290 1459 1348 1520 pro
1371 1459 1429 1500 sua
1450 1437 1517 1520 opi-

372 1541 468 1604 nione
492 1562 566 1604 cum
588 1541 650 1603 fide
673 1542 907 1623 expromerent.
938 1539 1022 1603 Item
1044 1539 1126 1602 istae
1150 1539 1444 1603 commendantium
1466 1538 1517 1602 lit-

371 1644 457 1705 terae
491 1641 686 1704 laudationis
719 1662 851 1705 munere
878 1641 973 1725 fungi
1008 1641 1093 1704 visae
1127 1643 1214 1704 sunt.
1266 1640 1424 1715 Quorsum
1456 1639 1517 1702 hoc

372 1746 438 1807 tam
461 1765 499 1806 ex
522 1742 588 1807 alto
609 1742 854 1826 prohoemium?
896 1741 947 1806 Ne
969 1764 1019 1805 me
1043 1742 1279 1805 existimasses⁵
1306 1763 1420 1824 parum
1444 1762 1517 1804 con·

373 1845 527 1908 siderasse
550 1844 744 1928 gravitatem
767 1844 1053 1926 auctoritatemque
1068 1844 1158 1906 tuam
1174 1843 1426 1906 commendando
1442 1841 1517 1906 Ocr-

372 1946 520 2009 neliano⁶
543 1944 684 2028 Sulpicio
705 1944 956 2009 familiarissimo
978 1965 1065 2026 mec,
1094 1945 1148 2027 qui
1176 1944 1359 2027 propediem
1388 1966 1517 2008 causam

373 2048 456 2130 apud
477 2069 533 2111 vos
556 2040 699 2110 dicturus
722 2050 781 2111 est.
813 2045 885 2128 Sed,
909 2049 945 2109 ut
967 2045 1044 2127 dixi,
1068 2045 1186 2108 veteris
1207 2045 1350 2108 instituti
1373 2044 1517 2128 exemplo

372 2150 588 2212 necessarium
615 2171 722 2212 meum
750 2148 881 2212 laudare
910 2148 995 2231 apud
1022 2149 1055 2210 te
1083 2168 1179 2209 ausus
1206 2167 1285 2209 sum.
1334 2145 1516 2210 industrius

344 2299 346 2304 .
373 2251 419 2313 vir
441 2252 500 2332 est,
525 2253 692 2333 strenuus,
717 2250 850 2334 ingenio
872 2250 973 2312 libero
995 2270 1033 2312 ac
1055 2246 1191 2329 liberali,
1215 2246 1339 2328 patriae
1363 2247 1516 2310 amantis-

372 2352 485 2432 simus„
520 2351 708 2415 innocentia
733 2351 837 2414 fretus
864 2351 968 2435 magis
995 2372 1092 2434 quam
1107 2339 1298 2431 confidem,
1333 2347 1516 2411 litterarum

372 2453 476 2516 studio
499 2455 531 2516 et
553 2453 744 2537 bonaruml⁷
774 2453 892 2515 artium
920 2451 1084 2536 elegantia
1106 2448 1186 2513 mihi
1208 2451 1449 2528 acceptissimus⁸
1474 2500 1480 2512 .
1507 2499 1514 2514 .

374 2604 380 2618 .
406 2603 412 2618 .
437 2556 542 2619 iussoa
567 2600 1514 2618 .............................

374 2705 948 2720 ..................
952 2652 1516 2734 '....l...iam..quicum

372 2756 474 2846 millii]
501 2808 506 2820 .
534 2808 540 2820 .
565 2757 782 2821 in¹⁰tercedit
819 2755 932 2841 Neque
953 2756 1037 2820 forte
1060 2758 1116 2818 aut
1137 2758 1257 2818 temere
1279 2753 1515 2817 necessitudine

371 2858 432 2922 ista
454 2881 563 2922 sumus
587 2859 743 2942 copulati,
767 2881 828 2922 nec
843 2858 928 2921 ultro
950 2878 1001 2919 me
1024 2847 1200 2920 amicitiam
1215 2854 1437 2919 Korneliani¹¹
1462 2854 1515 2917 ad-

371 2961 488 3044 petisse
502 2960 650 3024 fateor¹².
681 2960 766 3024 Laus
783 2961 822 3023 ad
837 2982 888 3022 me
904 2959 943 3021 de
958 2940 1093 3042 ingenio
1114 2958 1181 3020 eius
1196 2957 1262 3019 iam
1284 2955 1513 3039 pervaserat¹³,

372 3084 466 3145 quam
495 3083 603 3126 veram
633 3062 673 3124 ad
706 3083 798 3125 aures
831 3083 918 3125 meas
947 3059 1101 3123 accidisse
1129 3081 1189 3122 usu
1217 3058 1313 3121 didici
1342 3057 1515 3140 multisque

454 3299 471 3337 a
490 3287 522 3335 ln
540 3289 666 3350 maryine:
695 3282 783 3349 Iusso,
800 3297 857 3334 non
873 3281 957 3347 iussu,
975 3278 1042 3348 quia
1058 3277 1205 3348 pluraliter
1222 3276 1265 3330 his
1282 3276 1361 3330 iussis
1380 3276 1454 3331 iacit.

456 3443 468 3489 1
489 3435 662 3505 Schopenus:
686 3455 732 3489 nec
749 3436 845 3489 tamen
863 3465 895 3473 —
913 3439 1124 3488 commendarent.

455 3528 470 3575 2
489 3519 594 3575 Codex:
614 3526 791 3574 deducencom.

454 3613 470 3660 3
489 3605 664 3674 Schopenusz
686 3611 735 3660 sed
751 3605 782 3657 ut
800 3609 848 3658 istc
867 3634 899 3643 -
917 3613 1108 3672 expromerent,
1126 3607 1184 3655 item
1201 3606 1276 3655 istae.

455 3696 472 3744 4
490 3690 595 3745 Codex:
615 3692 659 3760 qni
677 3731 682 3742 .
702 3733 709 3746 .
728 3730 734 3744 .
755 3731 762 3744 .
781 3733 788 3746 .
806 3709 862 3744 reo.
897 3688 1021 3742 Schedae
1040 3686 1120 3740 Maii:
1140 3692 1263 3756 quidquid
1279 3705 1351 3754 erpo.

455 3774 565 3830 dCorr.
585 3780 764 3829 caentimueeis.
800 3779 977 3839 Heindorfiua.

455 3864 471 3912 6
488 3859 585 3914 Eidem
605 3858 648 3913 eui
665 3859 837 3927 Phrynichus
854 3857 978 3926 Eclogen
995 3855 1152 3925 inscripsit,
1170 3856 1246 3925 quod
1262 3857 1292 3908 in
1310 3852 1515 3909 conscribendis

370 3943 576 4012 prolegomenis
594 3944 630 3997 ad
647 3943 779 4018 Photium
798 3959 859 3996 sero
878 3940 943 3995 vidi.
1001 3997 1003 4000 ,

453 4035 468 4083 7
487 4027 618 4097 Sequitur
636 4027 702 4091 Cod.
721 4046 749 4098 p.
769 4033 827 4094 327,
846 4042 918 4094 quae
935 4025 1019 4094 periit
1037 4027 1155 4094 excepta
1167 4026 1248 4078 unica
1265 4021 1404 4077 sententia
1422 4024 1450 4076 et
1468 4021 1515 4075 ad·

370 4112 512 4167 notatione
529 4113 559 4166 in
576 4113 711 4183 margine.
748 4110 879 4180 Sequitur
900 4128 927 4179 p.
948 4116 1005 4177 326,
1029 4128 1101 4179 quae
1120 4111 1181 4163 tota
1199 4109 1362 4164 oblitterata
1381 4111 1430 4160 est.
1468 4105 1515 4159 Se-

371 4197 464 4264 quitur
482 4197 548 4252 Cod.
567 4216 595 4267 p.
615 4203 674 4253 325.
1388 4188 1390 4190 ’

454 4288 470 4337 8
488 4280 635 4353 Supplevit
651 4281 836 4335 Heindorfius.

395 4432 402 4442 ι
454 4373 470 4420 9
487 4366 635 4421 Perierunt
651 4366 709 4419 tres
726 4381 823 4420 versus
841 4363 921 4417 initio
938 4381 966 4432 p.
986 4369 1043 4419 325.

437 4457 469 4505 10
486 4451 588 4522 Incipit
606 4451 721 4519 quartus
740 4467 846 4504 versus.

438 4540 468 4588 ll
487 4536 531 4589 Ita
548 4532 645 4588 Maius.
681 4535 794 4589 Amicus
807 4552 822 4587 e
837 4532 931 4587 codiee
949 4530 1086 4585 enotavit:
1105 4534 1180 4582 amici
1191 4569 1281 4582 .....
1295 4525 1405 4581 NELIA
1418 4568 1445 4580 ..
1464 4526 1511 4579 Nl.

438 4625 470 4674 12
487 4621 531 4673 Ita
549 4618 656 4686 Codex,
674 4637 730 4674 non
745 4624 847 4687 sulcam
866 4616 990 4685 sequitur
1008 4616 1067 4681 NA,
1085 4615 1102 4668 i.
1122 4631 1145 4667 e.
1164 4633 1235 4680 nam,
1254 4611 1304 4664 sed
1322 4627 1439 4664 erasum.

440 4710 470 4758 13
489 4704 595 4757 Codex·
623 4714 800 4773 aperoacerul.
