4142 5659
793 674 841 727 nn
859 674 1004 729 umora
1022 673 1162 728 AMISSO.
1286 628 1289 632 ¹
1387 646 1417 717 s
1485 678 1551 742 235

490 847 543 910 Me
560 848 667 909 autem
683 845 866 910 consolatur
887 849 976 909 aetas
998 866 1070 908 mea
1084 867 1183 930 prope
1198 848 1263 910 iam
1279 845 1384 909 edita¹
1407 849 1439 910 et
1453 847 1551 910 morti

405 948 562 1032 proxima.
591 946 679 1022 Quae
702 968 774 1010 cum
797 947 910 1028 aderit,
934 947 962 1010 si
983 948 1098 1030 noetis,
1123 948 1149 1010 si
1171 948 1251 1012 lucis
1273 948 1307 1011 id
1328 951 1454 1031 tempus
1477 950 1549 1032 erit,

406 1050 530 1113 caelum
552 1049 680 1132 quidem
709 1049 916 1113 consalutabo
945 1048 1111 1114 discedens
1141 1052 1174 1113 et
1196 1071 1277 1134 quac
1299 1049 1379 1113 mihi
1403 1050 1549 1119 conscius

405 1174 475 1215 sum
497 1152 710 1234 protestabor.
1352 1222 1358 1228 ,

491 1252 601 1316 ³Nibil
623 1253 659 1315 in
680 1252 778 1336 longo
800 1253 886 1316 vitae
900 1274 990 1316 meae
1006 1253 1111 1335 spatio
1128 1275 1211 1317 ame
1227 1253 1444 1339 admissuml²,
1467 1255 1550 1337 quod

405 1355 552 1419 dedecori
586 1357 642 1417 aut
673 1353 791 1437 probro
825 1358 881 1417 aut
914 1353 1039 1437 flagitio
1073 1354 1175 1418 foret:
1213 1355 1338 1419 nullum
1373 1356 1408 1419 in
1445 1358 1551 1419 aetate

406 1456 535 1540 agunda
564 1477 712 1537 avarum,
754 1454 878 1518 nullum
905 1455 1063 1539 perfidum
1090 1456 1217 1520 facinus
1250 1478 1356 1519 meum
1390 1457 1550 1540 extitisse3

406 1560 581 1641 contraque
614 1556 717 1620 multa
750 1555 940 1638 liberaliter,
975 1559 1078 1620 multa
1112 1558 1228 1640 amice,
1266 1559 1367 1621 multa
1402 1558 1549 1641 fideliter,

404 1659 507 1723 multa
530 1661 726 1740 constanter,
756 1679 851 1740 saepe
874 1659 972 1722 etiam
995 1681 1067 1723 eum
1089 1660 1231 1743 periculo
1255 1659 1369 1742 eapitis
1393 1661 1549 1724 consulta.

406 1759 487 1825 Cum
513 1760 633 1823 fratre³
661 1758 782 1842 optimo
812 1760 1056 1823 concordissime
1084 1761 1166 1843 vixi,
1200 1782 1294 1843 quem
1321 1762 1424 1844 patris
1453 1764 1551 1825 vestri

405 1861 551 1926 bonitate
569 1882 714 1934 >summos
741 1859 877 1924 honores
903 1861 1054 1944 adeptum
1076 1862 1211 1946 gaudee,
1241 1866 1348 1926 vestra
1375 1884 1451 1927 vero
1474 1863 1551 1926 ami-

406 1964 483 2027 citia
506 1963 585 2026 satis
607 1963 751 2045 quietum
773 1964 805 2026 et
826 1962 963 2026 multum
985 1985 1133 2026 securum
1155 1964 1255 2027 video.
1292 1963 1449 2047 Honores,
1473 1988 1552 2051 quos

405 2066 474 2148 ipse
503 2064 638 2147 adeptus
667 2085 737 2127 sum
744 2113 753 2146 ,
788 2085 963 2146 numquam
991 2065 1135 2147 inprobis
1164 2065 1343 2129 rationibus
1371 2068 1550 2150 concupivi.

406 2166 525 2230 Animo
552 2165 659 2249 potius
692 2187 788 2248 quam
822 2166 945 2249 corpori
976 2166 1117 2229 curando
1145 2188 1275 2250 operam
1310 2168 1393 2231 dedi.
1439 2168 1551 2233 Studia

406 2268 573 2331 doctrinae
595 2267 642 2330 rei
663 2266 817 2330 familiari
839 2288 928 2330 meae
954 2266 1103 2351 praetuli.
1139 2267 1337 2351 Pauperem4
1360 2269 1432 2332 meb
1455 2291 1552 2352 quam

405 2392 466 2453 ope
483 2369 672 2452 cuiusquam
687 2368 847 2451 adiutum,
870 2372 1032 2452 postremo
1056 2371 1169 2452 egere⁵
1192 2391 1288 2453 quam
1309 2391 1440 2453 poscere
1462 2393 1552 2434 man-

405 2471 451 2534 lui
459 2471 481 2535 ⁶.
522 2469 658 2553 Sumptu
684 2492 859 2554 numquam
881 2471 1016 2555 prodigo
1037 2471 1105 2555 fui,
1128 2472 1281 2555 quaestu⁷
1306 2471 1468 2534 interdum
1495 2494 1551 2536 ue-

407 2572 574 2636 oessari00.
620 2571 741 2635 Verum
763 2571 830 2634 dixi
852 2572 972 2655 sedulo,
996 2594 1108 2636 verum
1136 2572 1242 2635 audivi
1264 2571 1412 2636 libenter.
1441 2573 1552 2637 Potius

406 2674 482 2737 duxi
504 2673 636 2757 neglegi
658 2695 754 2756 quam
775 2672 931 2756 blandiri,
955 2677 1061 2737 tacere
1084 2696 1180 2758 quam
1202 2674 1340 2757 fingere,
1366 2674 1553 2758 infrequens

406 2776 529 2839 amicus
559 2795 628 2838 esse
655 2796 752 2858 quam
779 2775 930 2857 frequens
959 2775 1174 2838 adsentatorss.
1220 2775 1328 2838 Pauea
1355 2776 1450 2859 petii,
1486 2798 1552 2840 non

406 2898 510 2960 pauca
545 2876 679 2939 meruit.
725 2875 815 2951 Quod
845 2876 957 2959 cuique
986 2876 1088 2959 potui,
1126 2897 1185 2958 pro
1219 2876 1310 2958 copia
1344 2876 1550 2939 commodavi.

407 2977 606 3042 Merentibus
629 2977 797 3060 promtius,
821 2977 1063 3041 immerentibus
1086 2977 1236 3040 audacius
1259 2997 1352 3059 opem
1373 2977 1443 3039 tuli.
1490 2977 1552 3040 Ne-

493 3198 510 3235 a
528 3185 563 3234 In
580 3186 707 3249 marpine:
729 3179 827 3233 Virum
844 3179 949 3232 bonum
968 3178 1079 3246 qualem
1098 3195 1158 3232 esse
1176 3178 1296 3246 oportet.
1333 3176 1427 3242 Qualis
1447 3178 1552 3231 Fronto

407 3264 500 3321 fixerit.
520 3265 574 3332 (Ita
591 3263 688 3318 Maius.
727 3263 820 3318 Codex
837 3263 917 3318 nobis
937 3263 1026 3318 dedit:
1047 3267 1158 3328 Qualis.
1177 3283 1227 3316 ,1.
1246 3264 1352 3328 serent).

493 3351 511 3404 b
530 3352 564 3402 In
581 3355 711 3418 marpine:
728 3348 807 3402 Mire.
1008 3410 1010 3412 .
1350 3387 1353 3391 Δ

494 3452 509 3488 1
526 3439 560 3486 In
578 3439 703 3502 carpine:
721 3432 812 3500 Egere
832 3449 915 3500 quam
932 3447 1048 3501 poscere
1065 3431 1158 3486 malui.
1196 3430 1315 3500 Sumptu
1331 3447 1473 3499 nunquam
1490 3447 1553 3500 pro-

408 3519 490 3588 digus
507 3517 559 3584 fui;
579 3534 604 3584 q.
624 3517 641 3571 i.
661 3534 689 3570 n.

494 3604 512 3657 d
530 3607 564 3656 In
581 3607 707 3671 marpine:
731 3600 825 3655 Pauca
842 3619 869 3670 p.
889 3619 915 3655 n.
934 3620 963 3671 p.
982 3601 1080 3654 merui.

494 3791 547 3843 11.
571 3799 719 3842 e.exacta.
757 3787 833 3842 Conf.
858 3787 928 3841 Gell.
950 3787 998 3841 111.
1023 3792 1055 3842 15
1081 3785 1208 3856 Appulei.
1228 3786 1262 3841 de
1288 3786 1348 3840 Deo
1371 3784 1446 3839 Socr.
1474 3804 1501 3854 p.
1521 3792 1554 3840 50
1653 3848 1655 3865 ,

407 3876 478 3929 Elm.
499 3873 554 3929 Cic.
575 3873 610 3927 de
624 3872 686 3926 rin.
707 3877 731 3926 5.
750 3867 774 3926 2.
811 3876 986 3938 Heindorfius.

493 3965 509 4012 2
527 3956 629 4027 Incipit
647 3955 714 4011 Cod.
733 3973 760 4025 p.
782 3960 838 4009 182.

493 4050 509 4098 3
528 4041 608 4097 Codz
629 4043 707 4106 Quom
721 4045 817 4108 frater.

493 4134 509 4181 4
527 4126 610 4180 Dicta
627 4126 697 4178 haec
715 4140 732 4178 a
749 4124 889 4178 Frontone
913 4122 947 4176 de
969 4123 1017 4176 illo
1039 4126 1166 4193 tempore
1187 4123 1321 4192 intellige,
1344 4140 1407 4176 cum
1430 4123 1553 4176 nondum

408 4214 505 4266 rhetor
516 4212 624 4265 Romae
636 4208 817 4263 inclaruisset.
848 4208 958 4273 Postea,
976 4210 1008 4261 ut
1019 4209 1115 4262 statim
1126 4207 1185 4276 ipse
1199 4208 1280 4273 dicet,
1298 4228 1348 4262 non
1358 4227 1444 4274 pauca
1455 4213 1553 4274 meruit,

408 4298 440 4350 ut
458 4296 506 4365 qui
523 4295 632 4350 balneis
649 4292 727 4346 novis
745 4291 891 4344 moliendis
913 4292 1000 4345 multo
1024 4292 1086 4361 plus
1109 4309 1193 4359 quam
1214 4292 1342 4346 trecenta
1365 4290 1493 4345 sestertia
1513 4291 1553 4343 in-

408 4397 518 4435 sumere
535 4380 637 4449 posset.
673 4382 770 4431 Heind.

494 4471 510 4520 5
526 4463 617 4518 Maius
634 4477 784 4532 perperam
801 4460 955 4530 interponit
966 4481 1011 4516 me.

494 4551 572 4604 6111
590 4547 691 4602 Codex.

495 4640 510 4687 1
530 4632 636 4687 Codex:
656 4636 779 4700 quaestui.
797 4661 830 4668 -
847 4629 936 4684 Immo
955 4640 1071 4700 quaestu.
1105 4635 1280 4697 Heindorfiar.

494 4723 510 4771 8
529 4716 610 4771 Ood:
629 4719 776 4769 adsecutor.
813 4711 889 4768 Corr.
908 4713 1005 4769 Maius.
