4142 5659
507 678 571 742 208
856 676 892 728 n.
908 674 1077 728 eorunm
1094 673 1302 728 monronis
1370 736 1374 743 ,

507 849 635 930 putant,
660 846 841 930 eorrigunt3
863 845 918 909 ubi
933 845 1107 909 manifeste
1129 846 1246 927 sciunt,
1269 842 1461 926 inpudentia
1482 843 1659 908 obfirman-

507 948 596 1010 tur³¹
624 998 631 1010 .
657 934 697 1011 .’.
723 997 731 1010 .
757 996 764 1011 .
789 947 996 1011 certaminisb
1021 997 1028 1010 .
1056 997 1063 1010 .
1090 944 1345 1032 ,necessita[tis]
1371 994 1515 1009 .....
1539 945 1659 1009 ²visset

507 1049 687 1132 providere:
709 1070 767 1132 per
788 1051 838 1112 tot
852 1049 1046 1131 provincias,
1069 1050 1119 1111 tot
1139 1047 1352 1130 opsidionum‚
1375 1045 1581 1128 proeliorum,
1606 1068 1658 1109 ar-

509 1149 623 1233 eium3‚
641 1150 827 1232 stationum,
848 1149 1052 1213 castellorum
1067 1149 1313 1213 excidendorum
1329 1150 1441 1230 aperta
1456 1147 1656 1232 discrimina,

508 1272 600 1314 ouras
633 1254 666 1314 et
698 1259 829 1316 animum
865 1251 1048 1336 dispergere
1081 1272 1147 1315 non
1176 1301 1183 1314 .
1209 1300 1217 1314 .
1247 1249 1360 1315 ducem
1391 1250 1521 1313 tametsi
1545 1299 1553 1312 .
1579 1298 1587 1314 .
1613 1299 1621 1312 .
1648 1299 1655 1312 .

507 1374 583 1435 pore
607 1403 615 1416 .
641 1402 648 1416 .
671 1375 749 1417 num
770 1353 1004 1417 consentireme
1029 1401 1202 1416 ......
1219 1351 1242 1437 3⁴
1252 1400 1393 1414 .....
1417 1351 1561 1434 gnarusd
1586 1399 1594 1414 .
1620 1399 1656 1416 ..

510 1503 517 1517 .
541 1457 671 1538 portare
695 1505 702 1518 .
726 1500 736 1519 -.
759 1455 883 1538 longior
910 1475 1000 1518 mora
1030 1503 1037 1516 .
1064 1503 1071 1516 .
1098 1503 1105 1517 .
1130 1503 1138 1517 .
1167 1453 1271 1536 impee
1295 1502 1303 1516 .
1329 1502 1336 1516 .
1363 1502 1370 1516 .
1399 1474 1495 1536 quam
1524 1453 1658 1516 obrem

511 1606 518 1618 .
544 1605 551 1619 .
577 1606 584 1619 .
609 1557 707 1620 etiam
739 1559 809 1619 tum
844 1555 979 1620 iunioris
1011 1555 1155 1619 decere.
1182 1604 1189 1618 .
1215 1552 1304 1642 [quio
1332 1553 1439 1618 minus
1473 1555 1513 1618 ad
1541 1555 1658 1618 trium-

502 1657 616 1737 pbomf
640 1707 781 1721 .....
810 1656 939 1721 habitus
976 1703 1656 1721 .....................

450 1764 478 1838 s
510 1807 1122 1823 ...................
1134 1760 1159 1843 ιδ
1180 1760 1321 1841 spectes,
1356 1757 1472 1821 Lucius
1508 1757 1659 1822 oonsilio-

507 1881 578 1922 rum
599 1860 741 1925 sollertia
762 1860 860 1944 longe
884 1910 891 1923 .
918 1910 925 1924 .
951 1909 958 1922 .
985 1909 992 1923 .
1026 1859 1130 1924 Sciret
1152 1859 1345 1923 catafraotos
1368 1858 1487 1923 similes
1510 1881 1581 1923 esse
1602 1859 1658 1922 be-

507 1960 568 2024 luis
588 1962 742 2044 piscibus,
766 1983 820 2026 eas
842 1961 969 2025 eludere
991 1961 1058 2024 ulto
1072 1961 1155 2024 mari
1173 1962 1381 2025 eernuantisss
1406 2010 1413 2024 .
1439 2011 1446 2023 .
1472 2009 1480 2024 .
1503 1958 1659 2046 magn[as

466 2095 469 2107 1
507 2061 690 2150 personare]
717 2112 724 2126 .
750 2113 758 2127 .
784 2064 814 2126 ,¹¹
857 2063 941 2146 Equi
963 2062 1087 2126 lubrioo
1108 2063 1286 2146 instabiles,
1315 2084 1430 2126 manus
1456 2063 1579 2146 frigore
1606 2062 1659 2124 in-

497 2165 605 2247 ritae,
636 2186 728 2229 arous
756 2164 912 2228 imbribus
940 2165 1087 2228 enerbesi
1112 2213 1287 2228 ......
1298 2164 1325 2249 Ι6
1346 2164 1471 2227 litteras
1493 2163 1580 2227 ultro
1602 2163 1658 2226 de-

507 2265 614 2349 derat,
638 2266 769 2349 bellum,
793 2265 949 2349 similet,
974 2264 1215 2332 oondicionibus
1236 2269 1385 2348 poneret:
1414 2265 1490 2328 dum
1512 2265 1659 2328 oblatam

507 2388 620 2449 paoem
642 2369 766 2450 spernit
787 2366 953 2449 barbarus,
976 2367 1061 2431 mele
1082 2367 1241 2430 mulcatus
1264 2367 1365 2431 est⁷¹‘.

576 2468 640 2532 -Ea
669 2491 703 2532 re
730 2467 866 2532 dilucide
893 2470 994 2551 petet,
1025 2471 1146 2551 quanta
1174 2468 1272 2532 Lucio
1295 2490 1371 2532 euro
1397 2467 1498 2531 insita
1525 2469 1570 2531 sit
1597 2469 1659 2532 mi-

505 2569 600 2632 litum
633 2569 762 2652 salutis,
791 2570 846 2652 qui
873 2569 994 2653 gloriae
1021 2591 1099 2633 suae
1126 2569 1293 2653 dispendio
1320 2568 1474 2633 redimere
1498 2570 1660 2653 oupiverit

507 2692 620 2753 paoem
641 2671 854 2734 incruentam.
888 2670 1028 2734 Traiano
1051 2693 1141 2735 suam
1167 2672 1324 2754 potiorem
1346 2671 1482 2756 gloriam
1504 2672 1560 2734 in8
1583 2694 1660 2736 san-

508 2773 606 2856 guine
633 2772 773 2835 militum
804 2771 966 2835 futuram⁹
998 2771 1036 2835 de
1068 2772 1182 2836 ceteris
1210 2774 1277 2837 eius
1311 2773 1425 2837 studiis
1458 2764 1552 2836 multi
1582 2795 1659 2837 eon-

592 3008 609 3046 a
627 2995 662 3063 In
678 2997 805 3060 margine:
823 2990 934 3046 Delicta
953 3021 984 3030 -
1002 2991 1167 3061 inpudentio
1187 2993 1244 3060 (sic)
1263 2992 1454 3046 obfirmantur.

577 3147 579 3151 Ι
593 3077 611 3128 b
631 3081 664 3129 In
681 3081 806 3145 margine:
827 3075 1001 3131 certaminis

592 3164 658 3214 oln
675 3166 801 3228 margine:
823 3160 865 3216 De
883 3160 991 3230 legibus
1010 3161 1142 3231 {amoris}

592 3244 610 3297 d
628 3249 661 3298 In
678 3253 804 3315 margine:
824 3245 945 3300 Gnarus:
963 3256 1025 3299 tum:
1045 3245 1080 3300 de
1097 3245 1203 3315 legioni
1216 3289 1221 3300 .
1234 3230 1321 3300 .i..'

477 3349 480 3354 ·
592 3346 607 3383 e
625 3333 659 3382 In
675 3336 800 3398 margine:
820 3329 979 3384 Cuiusmodi
1001 3330 1057 3382 sint
1077 3330 1172 3383 hostes
1189 3331 1294 3384 Parthi.

591 3413 606 3466 f
623 3416 657 3467 In
674 3420 799 3483 margine:
817 3415 1005 3484 Panegyricus
1024 3414 1140 3469 Traiani
1155 3416 1226 3484 Imp.

591 3514 611 3565 g
628 3501 662 3551 In
679 3504 804 3566 margine:
824 3498 913 3554 Sciret
931 3500 1029 3554 catafr.
1048 3530 1082 3538 —
1099 3499 1265 3554 cernuontis

591 3582 611 3634 h
629 3588 662 3635 In
679 3589 804 3650 margine:
822 3583 896 3638 Laus
915 3583 1038 3638 Traiani.

591 3665 601 3718 i
622 3669 657 3718 In
674 3672 799 3734 margine:
818 3667 889 3734 Equi
906 3667 1013 3722 lubrico
1031 3699 1063 3709 -
1083 3670 1209 3723 enerbes

590 3750 610 3802 k
628 3753 661 3802 In
679 3755 804 3816 maraine:
822 3751 895 3804 Dum
913 3752 1040 3806 oblatum
1057 3783 1090 3792 —
1106 3754 1245 3808 mulcatus
1264 3757 1314 3808 est.

593 3950 671 4006 lsie
688 3952 729 4007 uit
745 3953 799 4007 Dio
815 3954 872 4008 LII.
892 3961 932 4010 34.
969 3959 1066 4014 Maius.

591 4044 606 4091 2
623 4037 725 4107 Incipit
743 4039 833 4092 ultera
851 4039 987 4093 eolunma.

591 4121 691 4178 scod.
711 4129 812 4178 aenum.
849 4123 976 4179 Correxit
991 4124 1088 4180 Maius,

589 4213 606 4260 4
625 4205 755 4275 Sequitur
773 4207 840 4262 Cod.
859 4227 886 4278 p.
906 4215 964 4276 255,
983 4227 1070 4265 erasa.

590 4299 606 4346 5
625 4291 756 4359 Sequitur
774 4292 841 4346 Ood.
859 4312 886 4363 p.
906 4300 965 4361 246,
984 4312 1073 4349 erasa.

590 4383 606 4429 6
623 4376 724 4445 Incipit
742 4377 809 4432 Cod.
828 4397 855 4447 p.
875 4384 925 4433 245
943 4379 1094 4433 admodum
1111 4380 1266 4449 perspicua.
1302 4372 1306 4380 ’

592 4466 606 4514 7
625 4459 664 4514 cf.
683 4460 783 4517 Nazar.
803 4463 908 4532 Poneg.
928 4462 1113 4518 Constante.
1133 4470 1173 4518 24.
1200 4469 1294 4528 Maius,
1313 4465 1362 4532 qui
1378 4482 1434 4520 non
1453 4467 1566 4522 dubitet
1585 4471 1652 4539 quin

506 4544 640 4599 Nouanus
657 4544 828 4600 Frontonem
845 4547 953 4616 legerit.
1261 4569 1263 4571 ’

590 4634 606 4682 8
624 4629 780 4706 Delendum
796 4632 850 4685 hoc
868 4637 902 4686 in.
938 4637 1098 4687 Niedobrius.

591 4719 607 4767 9
625 4711 730 4769 Codex:
750 4727 865 4770 loturam.
