4142 5659
487 675 537 729 AD
556 674 685 730 VERUM
702 676 824 730 IMPER.
843 676 1039 731 AURELIUM
1056 676 1249 732 CAESAREM
1265 679 1373 733 LIBER
1390 680 1424 734 ll.
1476 683 1536 748 133
1570 727 1575 740 .

624 845 686 910 vl.
730 846 883 913 Domino
906 846 982 913 Meo
1004 846 1098 913 Vero
1120 845 1295 929 Augusto.

472 1014 679 1028 .......
707 965 730 1049 l¹
748 965 846 1028 animi
863 965 926 1028 mei
941 965 1183 1049 perturbatione
1198 987 1264 1030 non
1285 970 1441 1050 possem2.
1473 971 1534 1035 Sed

386 1068 526 1150 acceptis
548 1065 666 1129 litteris
681 1067 757 1148 tuiS,
783 1088 819 1129 ea
834 1088 869 1129 re
884 1067 950 1130 iam
972 1067 1111 1148 primum
1132 1068 1218 1131 bona
1233 1090 1305 1150 spes
1328 1070 1534 1135 mihivosten-

385 1171 452 1231 tata
475 1171 539 1250 est,
564 1167 647 1250 quod
669 1171 727 1230 tua
748 1189 848 1230 manu
870 1168 1060 1250 scripseras:
1098 1169 1212 1232 deinde
1235 1170 1318 1251 quod
1341 1175 1415 1253 post
1437 1174 1533 1255 apsti-

385 1269 529 1332 nentiam
551 1268 650 1332 tridui
673 1271 705 1331 et
728 1269 921 1352 sanguinem
943 1269 1021 1331 satis
1044 1271 1173 1333 strenue
1197 1273 1229 1333 et
1251 1276 1398 1355 prompte
1421 1274 1534 1336 demis-

385 1370 485 1452 snm3,
510 1369 682 1432 liberatum
705 1390 774 1431 esse
796 1372 829 1432 te
851 1369 994 1453 periculo
1016 1370 1223 1453 inpendentis
1243 1372 1436 1436 valetudinis
1451 1398 1533 1438 nun-

384 1471 498 1535 tiabas.
544 1457 716 1553 Respirabi
744 1470 845 1554 igitur
867 1473 900 1533 et
921 1471 1060 1553 revalui,
1085 1476 1117 1534 et
1140 1473 1243 1556 apud¹
1272 1473 1376 1536 omnis
1399 1475 1530 1562 foculos

385 1594 465 1655 aras,
490 1575 579 1636 lucos
601 1593 720 1654 sacros,
746 1572 874 1634 arbores
891 1575 1051 1653 sacratas,
1069 1595 1146 1636 nam
1168 1596 1241 1637 rure
1265 1577 1411 1659 agebam,
1436 1577 1532 1660 supli-

386 1675 481 1737 cavi⁶.
506 1673 551 1736 Et
563 1694 650 1736 nunc
663 1676 797 1755 expecto
810 1694 1003 1758 cognoscere
1019 1695 1058 1736 ex
1073 1675 1137 1737 tuis
1153 1675 1280 1758 litteriS,
1297 1681 1454 1760 quantum
1468 1700 1532 1741 me-

385 1775 445 1838 dici
466 1775 522 1837 isti
539 1775 605 1837 dies
622 1775 842 1857 promoverint
858 1774 897 1837 ad
912 1773 995 1837 vires
1017 1774 1217 1840 reficiendas
1249 1777 1422 1842 Enimvero
1444 1801 1532 1842 nunc

384 1876 501 1938 maiore
523 1875 625 1939 multo
649 1898 725 1939 cura
748 1875 979 1960 diligentiaque
1002 1896 1081 1958 opus
1105 1882 1169 1959 est,
1194 1881 1231 1941 ut
1252 1879 1410 1960 paulatim
1432 1883 1532 1944 temet

385 1977 578 2060 compleam,
613 1998 673 2040 nec
701 1998 852 2060 properes
882 1977 922 2039 ad
952 1977 1145 2040 detrimenta
1173 1979 1289 2043 virium
1317 1981 1529 2046 resarcienda.

383 2078 466 2141 Nam
488 2078 520 2141 id
544 2079 672 2161 quidem
693 2078 836 2140 omnium
858 2078 1009 2160 opinione
1032 2081 1231 2161 compertum
1246 2086 1279 2144 et
1293 2082 1448 2146 traditum
1471 2085 1529 2164 est,
1632 2106 1633 2109 ¹

384 2179 591 2263 sanguinem,
615 2180 670 2242 ubi
694 2179 854 2261 abundet,
886 2179 1041 2242 incursim
1064 2178 1311 2264 detrahendum,
1344 2186 1455 2264 postea
1477 2206 1530 2266 pc-

385 2281 573 2364 detemptim
595 2302 663 2344 esse
686 2280 932 2364 reparandumb.

444 2401 446 2403 ·
465 2382 547 2464 Fac,
571 2403 627 2445 oro
648 2385 681 2445 te
704 2385 736 2445 et
758 2382 900 2464 obsecre,
924 2380 1078 2465 Domine,
1103 2383 1190 2466 quod
1208 2385 1418 2468 tuocgregio
1440 2387 1529 2471 inge·

382 2485 434 2546 nio
456 2484 564 2565 decet,
588 2486 747 2566 temperes
770 2486 803 2545 et
822 2505 973 2566 reparcas
989 2487 1020 2546 et
1035 2485 1226 2549 modificeris
1242 2486 1406 2549 desideriis
1429 2489 1529 2551 omni-

384 2585 458 2667 bus,
489 2606 571 2668 quae
598 2607 686 2648 nunc
709 2585 831 2648 acriora
855 2585 949 2648 solito
975 2588 1008 2648 et
1033 2587 1219 2668 procaciora
1241 2589 1376 2652 existere
1398 2612 1528 2655 necesse

383 2690 429 2750 est
451 2689 525 2769 post
547 2686 789 2769 apstinentiam,
814 2708 877 2769 qua
899 2676 1080 2750 necessario
1102 2687 1138 2750 in
1159 2688 1342 2773 temlsspore
1364 2713 1440 2754 usus
1463 2692 1526 2756 es⁷.

382 2787 527 2851 Fratrem
547 2787 711 2851 dominum
727 2787 861 2869 salutar,
886 2809 981 2871 quern
1003 2788 1125 2851 salvom
1146 2788 1295 2874 habebis,
1321 2791 1348 2854 si
1370 2794 1405 2855 tu
1421 2792 1528 2856 salvus

382 2890 452 2953 eris.
498 2888 580 2953 Vale
603 2888 740 2951 Domine
762 2887 954 2951 dulcissime.

610 3023 694 3088 vll.
732 3022 826 3088 Vero
848 3020 1011 3104 Augusto
1032 3023 1185 3089 Domino
1207 3025 1294 3091 Meo.
1354 3003 1356 3006 ⁵

464 3142 592 3218 Quanta
615 3145 647 3205 et
668 3164 765 3225 quam
791 3144 882 3205 vetus
904 3142 1110 3231 familiaritas
1138 3142 1217 3205 mihi
1245 3144 1425 3208 intercedat
1454 3169 1525 3208 cum

382 3244 481 3309 Gavio
505 3244 614 3325 Claro,
644 3244 828 3307 meminisse
850 3246 897 3326 te,
921 3242 1075 3325 Domine,
1099 3243 1247 3307 arbitror.
1293 3245 1344 3308 Ita
1367 3269 1462 3329 saepe
1485 3249 1523 3310 de

463 3414 480 3450 a
498 3401 531 3449 In
544 3403 668 3464 marpr'ne:
685 3394 791 3449 Maiore
801 3409 870 3463 opus
881 3396 924 3448 est
934 3393 1080 3463 diligentia
1089 3396 1120 3447 ut
1129 3394 1265 3462 paulatim
1274 3397 1363 3450 temet
1373 3396 1521 3466 compleas.

416 3493 420 3499 ·
462 3481 481 3534 b
500 3486 533 3534 In
551 3486 675 3548 margine:
695 3478 865 3548 Sanguinem
884 3507 916 3516 —
934 3478 1130 3546 reparandum.

464 3625 477 3670 1
495 3617 597 3686 Incipit
615 3614 681 3669 Cod.
700 3634 727 3684 p.
747 3620 805 3668 434.

463 3708 477 3754 2
497 3700 606 3770 Scripta
626 3701 668 3753 est
685 3699 755 3752 haec
774 3697 895 3766 epistula
913 3697 948 3751 ad
966 3697 1078 3765 Verum,
1098 3699 1146 3766 qui
1164 3699 1229 3753 dum
1248 3700 1284 3754 ad
1298 3701 1403 3754 bellum
1415 3702 1523 3757 Parthi-

380 3802 441 3838 cum
458 3784 693 3854 proficisceretur,
721 3781 833 3836 Canusii
852 3782 887 3835 ob
905 3781 1153 3851 intemperantiam
1170 3783 1337 3852 aegrotavit.
1375 3785 1522 3855 Temporis

379 3871 471 3922 autern
490 3869 566 3922 nulla
584 3868 682 3922 habita
699 3866 773 3920 ratio
792 3867 846 3933 est,
873 3867 904 3920 ut
921 3865 1011 3932 vides,
1038 3867 1075 3920 ab
1097 3865 1145 3920 illo
1163 3869 1257 3921 vetere
1274 3868 1387 3923 homine
1405 3870 1454 3938 qui
1471 3872 1523 3926 has

378 3953 510 4022 epistulas
529 3951 675 4021 disposuit.
713 3956 807 4004 Maius.

460 4045 475 4092 3
495 4037 571 4091 Corr.
596 4042 716 4089 emissum.
754 4040 928 4102 Heindorfins.
963 4034 1076 4100 Medici,
1100 4037 1215 4090 notante
1233 4036 1407 4104 Ecksteinio,
1426 4039 1522 4093 dicunt

375 4129 520 4190 sanguinem
538 4128 645 4182 rainere,
665 4120 698 4173 cf.
718 4118 788 4173 Cels
807 4120 841 4172 ΙΙ.
862 4125 901 4174 10.

461 4211 477 4257 4
495 4206 539 4258 Ita
558 4202 658 4270 Codex,
677 4221 733 4258 non
751 4216 821 4271 apat.

459 4294 475 4342 5
493 4289 537 4342 Ita
556 4287 657 4342 Codex.
693 4286 759 4340 Mox
776 4288 915 4356 Hauptius
933 4289 1075 4342 emendat:
1103 4299 1198 4356 capeto
1217 4308 1372 4363 cognoscere
1396 4293 1424 4344 ct
1442 4297 1519 4345 medii

374 4379 416 4425 isti
434 4378 496 4426 dies.

459 4463 474 4510 6
493 4457 595 4525 Incipit
613 4456 678 4511 Cod.
696 4475 723 4525 p.
742 4461 801 4510 433.

458 4539 598 4594 ‘ICodexz
617 4552 664 4593 est.

457 4624 631 4678 8Videlicet
654 4624 690 4678 ad
712 4623 857 4678 visendum
877 4624 983 4678 Verum
1011 4626 1206 4692 aegrotantem
1231 4627 1342 4685 Marcus
1369 4628 1517 4687 Canusium

374 4708 564 4761 contenderat.
602 4707 750 4777 Capitolin.
770 4708 800 4762 in
817 4708 891 4762 Vero
910 4718 932 4762 c.
953 4715 977 4762 6.
1015 4714 1110 4764 Maius.
