4142 5659
531 690 594 753 224
771 688 807 741 M.
822 687 991 741 CORNELII
1009 687 1217 741 FRONTONIS
1235 688 1435 742 EPISTULAE

766 744 779 756 t

659 832 660 835 ‘
709 856 783 923 ΠΙ.
816 858 999 941 unumne
1021 858 1098 923 neo
1121 856 1302 924 Antonino
1324 857 1499 939 Augusto.

615 993 721 1068 Quid?
752 993 824 1077 Ego
845 995 960 1078 ignoro
988 1016 1025 1057 ea
1048 998 1081 1057 te
1103 997 1211 1057 mente
1239 995 1366 1057 Alsium
1395 996 1469 1078 isse,
1503 998 1540 1057 ul
1569 997 1676 1059 animo

529 1118 649 1159 morem
671 1117 798 1179 gereres
820 1097 928 1178 ibique
950 1097 1025 1159 ludo
1048 1100 1080 1159 el
1101 1097 1171 1159 ioco
1198 1099 1231 1158 el
1252 1096 1317 1159 olio
1339 1096 1439 1159 libero
1461 1118 1519 1178 per
1541 1099 1676 1180 quatin-

428 1217 458 1240 ··
529 1198 626 1261 duum
648 1198 832 1260 universum
855 1219 985 1280 operam
1003 1196 1119 1259 dares?
1141 1196 1210 1260 Nec
1232 1197 1343 1260 dubito
1366 1198 1445 1280 quin
1466 1200 1499 1260 le
1515 1198 1555 1260 ad
1578 1199 1675 1261 ferias

528 1300 563 1361 in
586 1320 713 1362 secessu
741 1299 903 1361 maritimo
930 1298 1084 1361 fruendas
1112 1299 1159 1361 ila
1183 1300 1395 1381 compararis:
1425 1299 1458 1361 in
1488 1299 1554 1362 sole
1583 1300 1675 1362 meri-

530 1399 625 1462 diano
647 1403 684 1462 ul
711 1420 823 1462 somno
850 1399 1013 1462 oboedires
1037 1389 1174 1482 cubanS,
1204 1400 1319 1463 deinde
1347 1399 1506 1483 Nigrum²
1533 1422 1674 1483 vocares,

530 1501 627 1563 libros
649 1501 736 1563 intro
758 1500 842 1563 ferre
863 1501 1005 1582 iuberes,
1029 1522 1113 1583 mox,
1137 1504 1174 1563 ul
1195 1503 1228 1563 le
1250 1501 1392 1564 eludium
1414 1501 1543 1583 legendi
1574 1502 1675 1564 inces-

530 1603 646 1684 sisset„
660 1604 716 1664 aul
737 1605 770 1664 le
792 1602 908 1664 Plauto
931 1602 1098 1685 expolireS,
1123 1605 1180 1666 aul
1195 1602 1295 1666 Accio
1311 1601 1465 1685 expleres
1490 1606 1547 1665 aul
1562 1603 1675 1666 Lucre-

529 1704 575 1766 tio
598 1704 766 1784 delenircs,
796 1706 851 1765 aul
878 1702 986 1766 Ennia
1008 1704 1216 1766 incenderes⁸
1237 1705 1272 1766 in
1294 1704 1406 1766 horam
1427 1701 1548 1790 isl[ic]³
1571 1705 1676 1767 Musa-

529 1827 600 1867 rum
622 1806 785 1887 propriam
807 1805 970 1887 quinlam,
1002 1802 1143 1891 [redires]
1173 1806 1249 1868 inde
1271 1805 1361 1868 libris
1386 1854 1393 1866 .
1420 1854 1426 1867 .
1452 1822 1522 1868 eres
1543 1806 1610 1868 diss
1635 1857 1641 1869 .
1667 1858 1673 1871 .

529 1907 691 1987 mittereS,
716 1905 878 1969 Ciceronis
901 1907 928 1968 si
950 1907 1126 1969 sermonis⁴
1149 1906 1190 1969 ad
1212 1910 1245 1970 le
1267 1906 1444 1987 detulisset,
1469 1907 1597 1970 audires
1604 1959 1613 1990 ‚
1641 1910 1675 1971 in

431 2059 436 2066 .
529 2005 680 2093 devi[um]
712 2009 867 2089 quantum
891 2003 1047 2092 polerlas]
1070 2007 1147 2070 litus
1174 2029 1325 2092 pergeres
1351 2011 1384 2070 el
1405 2029 1519 2070 raucas
1542 2009 1675 2091 paludes

529 2108 666 2170 ambires
691 2157 698 2170 .
725 2109 755 2169 .⁵
789 2107 838 2170 vel
872 2108 897 2169 si
917 2108 1091 2171 -viderelur
1118 2109 1257 2191 aliquam
1286 2131 1402 2172 navem
1431 2104 1673 2192 conscendereS‚

529 2209 748 2272 velss‘aethere
770 2208 945 2292 tranquillo
967 2210 1003 2272 in
1032 2210 1153 2272 altum⁷
1180 2211 1427 2292 portisculorum
1455 2214 1487 2274 et
1515 2212 1675 2295 remigimi

528 2312 598 2373 visu
621 2309 794 2393 audituque
816 2310 1010 2391 oblectareS,
1035 2313 1181 2373 actutum
1196 2312 1271 2374 inde
1293 2313 1426 2375 balneas
1443 2316 1582 2395 petereS‚
1607 2314 1674 2376 coi-

446 2428 448 2431 ·
527 2433 587 2494 pus
621 2412 660 2474 ad
693 2413 839 2474 sudorem
870 2411 1001 2474 uberem
1035 2406 1300 2496 commo‘ueresd8
1341 2413 1522 2476 convivium
1560 2414 1675 2477 deinde

528 2513 653 2594 regium
677 2512 818 2595 agitares
841 2512 990 2574 conchis9
1013 2514 1156 2576 omnium
1179 2535 1345 2597 generum,
1373 2514 1525 2577 Plautino
1548 2515 1675 2596 piscatu

528 2613 686 2694 liamalili,
710 2616 747 2674 ul
761 2613 816 2675 ille
832 2613 878 2675 aii
888 2613 923 2695 ¹⁰,
940 2615 973 2674 el
988 2614 1128 2696 saxatili,
1153 2614 1295 2677 altilibus
1316 2619 1458 2678 velerum
1473 2616 1672 2699 saginariun,

528 2715 650 2776 malliis
673 2714 786 2797 pomis,
820 2714 962 2777 bellariis
968 2765 977 2796 ‚
1010 2715 1174 2798 crustum,
1210 2716 1293 2779 vinis
1320 2715 1467 2779 felicibus
1474 2768 1483 2798 7
1520 2717 1674 2780 calicibus

527 2815 698 2898 perlucidis
721 2816 790 2878 sine
818 2816 972 2879 delatoria
1000 2821 1088 2879 nola.
1134 2815 1216 2891 Quid
1243 2817 1303 2879 hoc
1330 2819 1419 2880 verbi
1448 2819 1507 2900 sil,
1537 2841 1673 2900 quaeras

526 2918 679 2997 fortasse:
709 2918 819 3000 accipe
845 2917 955 3000 igilur.
1002 2917 1049 3007 Ul
1080 2917 1175 2980 homo
1203 2940 1263 3001 ego
1290 2918 1430 2981 multum
1453 2919 1614 2982 facundus
1643 2925 1675 2983 el

473 3068 475 3072 .
528 3019 668 3083 Senecae
697 3019 826 3082 Annaei
854 3022 993 3082 sectator
1016 3019 1193 3083 Faustiana
1220 3020 1296 3096 vina
1306 3019 1326 3058 ¹¹
1358 3020 1396 3083 de
1425 3019 1532 3083 Sullae
1561 3021 1673 3084 Fausti

528 3124 741 3204 cognomento
763 3120 871 3183 felicia
895 3121 1037 3203 appello:
1068 3121 1198 3183 calicem
1227 3141 1302 3183 vero
1324 3122 1393 3184 sine
1416 3112 1572 3184 delatoria
1595 3127 1675 3185 nola
1760 3135 1766 3145 '

527 3246 598 3286 cum
622 3223 702 3304 dico,
727 3222 796 3285 sine
811 3225 932 3304 puncto
955 3223 1034 3286 dico.
1081 3222 1193 3305 Neque
1216 3224 1302 3285 enim
1324 3245 1375 3285 me
1398 3223 1499 3305 decet,
1533 3226 1589 3306 qui
1612 3225 1674 3287 sim

526 3326 590 3386 iam
612 3324 706 3387 homo
729 3323 850 3406 dorsus,
881 3324 967 3408 volgi
995 3324 1100 3387 verbis
1123 3323 1296 3387 Falernum
1319 3325 1429 3387 vinum
1458 3328 1515 3386 aul
1538 3326 1674 3389 calicem

526 3424 742 3489 acculetum¹²
770 3426 941 3508 appellare.
987 3425 1073 3488 Nam
1100 3448 1163 3508 qua
1196 3429 1229 3488 te
1262 3425 1367 3489 dicam
1400 3427 1508 3509 gralia
1542 3428 1673 3491 Alsium

550 3597 552 3600 ’
611 3596 628 3630 a
648 3582 679 3629 ln
697 3582 822 3644 marqiue:
840 3575 905 3630 Mox
923 3578 955 3628 ut
972 3578 1000 3628 le
1019 3606 1051 3612 —
1069 3576 1240 3631 incenderes.

612 3719 623 3763 1
643 3709 744 3777 Incipit
761 3708 827 3763 Cod.
847 3728 873 3777 p.
891 3717 949 3775 217,
969 3710 1176 3766 obscurissima:
1194 3729 1250 3765 non
1268 3713 1386 3767 contufit
1403 3713 1515 3767 amicus.

609 3801 624 3848 2
643 3794 730 3861 Niger
754 3793 867 3861 quidam
889 3796 1047 3863 praefectus
1065 3796 1199 3864 praetorii
1222 3798 1273 3850 sub
1292 3797 1445 3851 Commodo
1467 3798 1520 3850 fuit
1543 3815 1591 3850 sex
1610 3802 1671 3853 tan-

524 3882 584 3933 tum
602 3879 686 3931 horis.
722 3877 856 3947 Lamprid
874 3895 895 3931 c.
916 3883 939 3931 G.
978 3884 1072 3933 Maius.

609 3971 624 4018 3
642 3963 672 4018 F.
691 3969 772 4018 istum.
809 3967 968 4017 Niebukrins.

608 4050 685 4102 llla
703 4048 803 4102 Codex.

609 4141 624 4189 5
642 4133 1561 4203 Breuesadmodumhaslacunaesuntvixquesingulor.verborum.
1574 4144 1669 4191 Maius.

584 4242 588 4246 ·
608 4226 624 4272 6
641 4219 803 4287 Legendum
821 4218 945 4286 suspicor
963 4231 997 4271 ut.
1036 4224 1212 4276 Bracmanum.

608 4310 622 4358 7
640 4304 691 4357 Ed.
709 4303 821 4356 Mediol.
841 4303 952 4373 supplet
968 4316 1113 4370 provectus.

607 4393 623 4440 8
641 4386 742 4455 Incipit
760 4387 825 4441 Cod.
845 4406 872 4455 p.
892 4394 950 4453 224,
969 4387 1045 4440 cuius
1062 4391 1119 4442 tres
1138 4405 1230 4442 versus
1248 4383 1354 4458 priores
1374 4392 1417 4444 vin
1435 4392 1577 4458 leguntur.

607 4465 998 4534 emmumamu
1276 4456 1279 4469 ¹

592 4563 623 4608 10
640 4555 711 4608 Rud.
731 4556 764 4608 Π.
785 4561 807 4608 1.
829 4563 868 4609 10.
1073 4581 1082 4604 a

594 4648 622 4694 11
643 4639 682 4692 Cf.
703 4639 856 4694 Phanas.
877 4640 1038 4694 Hisl.XIV.
1059 4650 1082 4694 6.
1121 4648 1214 4711 Maius.
1530 4696 1531 4699 ,

592 4724 680 4795 1201.
701 4724 769 4777 Pliu.
790 4725 852 4776 Nat.
873 4721 943 4778 Hist.
965 4726 1100 4779 XXXVII.
1120 4735 1143 4780 o.
1168 4728 1238 4781 XVI.
1260 4735 1300 4781 39.
1326 4729 1460 4782 XXXVII.
1482 4736 1506 4781 9.
1534 4735 1633 4783 Maias.
