4142 5659
762 633 973 709 ’ντωπυυκυ
993 617 1169 709 ακκυαλπ
1477 658 1540 722 257

398 829 533 892 πίςτεως
562 829 614 892 διὰ
640 830 716 892 τοὺς
738 828 916 906 ἐρῶνταςί,
945 829 989 891 δι)
1010 827 1091 905 ἡμᾶς
1119 828 1155 890 δέ
1177 827 1254 890 τοὺς
1276 826 1395 890 ἀλλους
1418 833 1541 907 βεβαιο-

398 932 494 1010 τέραν
516 933 576 1007 τὴν
597 930 695 995 δόξαν
718 931 871 1007 κέκτηςθε.
916 928 948 992 Εἰ
969 921 1050 1004 γοῦν
1072 949 1118 992 τις
1140 932 1207 993 τῶν
1230 929 1361 1006 μηδέπω
1385 949 1417 992 ςε
1440 930 1541 1006 ἑωρα-

399 1036 505 1098 κότων
529 1032 743 1111 πυνθάνοιτο,
774 1032 890 1094 ὁποῖός
916 1052 962 1095 τις
992 1029 1096 1112 είίῖης
1118 1033 1176 1108 τὴν
1207 1030 1300 1110 ὄψιν,
1329 1031 1399 1107 ἐμοὶ
1421 1032 1478 1106 μὲν
1500 1031 1539 1094 ἀν

399 1135 558 1199 πιςτεύςαι
589 1133 790 1209 ἐπαινοῦντι,
819 1133 928 1210 μαθὼν
958 1132 1006 1197 ὅτι
1034 1132 1094 1195 οὐκ
1123 1132 1202 1211 ἐρῶ
1239 1138 1284 1214 τῷ
1312 1134 1345 1195 δ)
1368 1132 1541 1208 ἀπιςτήςαι,

401 1237 446 1300 ῶς
473 1236 532 1299 οὐκ
560 1234 686 1311 ἀληθῶς
716 1233 792 1297 ἀλλῗ
821 1226 982 1311 ἐρωτικῶς
1010 1234 1205 1299 ἐπαινοῦντι.
1249 1224 1357 1296 Ὅςοίς
1390 1235 1447 1311 μὲν
1483 1232 1542 1296 οὖν

401 1338 487 1417 λώβῃ
511 1357 556 1400 τις
578 1336 723 1413 ςῶματος
745 1336 796 1399 καὶ
824 1334 934 1413 αίςχος
961 1336 1011 1399 καὶ
1039 1335 1181 1416 ἀμορφία
1204 1335 1380 1414 πρόςεςτιν,
1404 1334 1544 1400 εὔξαιντ’

400 1441 440 1503 ἀν
457 1438 586 1502 εἰκότως
608 1437 740 1516 ἐραςτάς
763 1436 872 1501 αὑτοῖς
893 1437 1053 1513 γενέςθαι·
1079 1437 1195 1515 οὐγὰρ
1218 1437 1257 1501 ἀν
1280 1436 1339 1500 ὑπ’
1361 1436 1471 1500 ἀλλων
1493 1441 1543 1499 θε-

401 1540 594 1617 ραπεύοιντο
624 1539 643 1617 ἢ
672 1542 739 1603 τῶν
768 1540 840 1602 κατ’
868 1539 1022 1617 ἐρωτικὴν
1052 1538 1168 1603 λύτταν
1196 1539 1247 1601 καὶ
1275 1537 1416 1615 ἀνάγκην
1446 1547 1543 1615 προς-

401 1643 528 1707 ιόντων.
574 1642 614 1705 (ὺ
643 1642 678 1703 δὲ
707 1640 742 1705 ἐν
770 1646 815 1723 τῷ
843 1645 959 1724 τοιῶδε
988 1641 1096 1705 κάλλει
1125 1640 1184 1704 οὐκ
1213 1641 1279 1704 έςθ’
1309 1639 1356 1704 ότι
1385 1641 1544 1719 καρπῶςει

401 1745 503 1808 πλέον
536 1743 596 1806 ὑπ’
629 1742 779 1820 ἐρωτοςί.
831 1742 934 1807 Οὐδὲν
965 1744 1026 1820 γὰρ
1060 1742 1156 1819 ἧττον
1184 1741 1312 1806 δέονταί
1340 1763 1397 1806 ςου
1427 1742 1457 1804 οῖ
1485 1741 1543 1818 μὴ4

402 1846 550 1922 ἐρῶντες.
594 1844 753 1922 Ἀχρήϊοι5
782 1844 817 1907 δέ
845 1844 876 1906 οἱ
904 1844 1032 1922 έραςταῖ
1059 1847 1128 1908 τοῖς
1146 1843 1268 1908 1’όντως
1303 1845 1411 1907 καλοῖς
1446 1841 1543 1905 οὐδέν
1584 1920 1587 1926 1

403 1946 500 2031 ἧττον
524 1947 542 2023 ἢ
565 1948 632 2009 τοῖς
655 1944 783 2008 δικαίως
806 1944 1051 2024 ἐπαινουμένοις
1074 1946 1105 2009 οἱ
1126 1946 1266 2009 κόλακες.
1304 1946 1413 2023 Ἀρετὴ
1437 1944 1545 2006 δὲκαὶ

402 2050 480 2113 δόξα
507 2048 557 2110 καὶ
584 2048 654 2124 τιμὴ
682 2047 732 2110 καῖ
760 2034 904 2126 κέρδοςθ.
952 2048 1073 2125 Κόςμος
1100 2046 1238 2130 θαλάττῃ
1267 2048 1323 2123 μὲν
1351 2049 1466 2109 ναῦται
1493 2046 1543 2107 καὶ

403 2154 590 2228 κυβερνῆται
612 2148 663 2211 καὶ
683 2148 870 2237 τριήραρχοι
891 2150 941 2212 καὶ
963 2148 1099 2227 έμποροι
1120 2149 1170 2211 καί
1193 2148 1223 2211 οί
1247 2148 1354 2210 άλλως
1376 2147 1542 2226 πλέοντες,

404 2257 442 2315 οὐ
465 2252 508 2329 μὰ
530 2250 595 2313 Δία
617 2251 783 2329 δελφῖνες,
807 2250 855 2314 οῖς
877 2249 1039 2315 ἀδύνατον
1063 2250 1100 2313 τὸ
1123 2254 1180 2327 Ζῆν
1203 2249 1251 2312 ότι
1274 2252 1314 2327 μὴ
1338 2249 1373 2313 ἐν
1396 2248 1544 2331 θαλάττῃ,

403 2352 529 2415 καλοῖς7
563 2353 598 2416 δέ
630 2352 717 2430 ἡμεῖς
751 2352 780 2415 οἱ
806 2352 974 2428 τηνάλλως
1007 2352 1217 2415 ἐπαινοῦντες
1243 2352 1293 2414 καί
1321 2350 1545 2427 ἀςπαξόμενοι,

362 2455 366 2462 ’
404 2456 475 2533 οὐχὶ
497 2454 638 2531 ἐραςταί,
667 2452 715 2517 οἷς
743 2453 882 2532 ἀβίωτον
911 2454 951 2517 ἀν
980 2452 1026 2531 εἴη
1057 2438 1260 2529 ςτερομένοις
1287 2457 1354 2516 τῶν
1377 2454 1543 2515 παιδικῶν.

404 2556 515 2634 Εὕροις
535 2557 569 2619 δ’
590 2556 629 2620 ἀν
653 2560 783 2619 ςκοπῶν
806 2555 951 2633 πλείςτης
972 2553 1099 2619 ἀδοξίας
1122 2552 1250 2619 αἰτίους
1264 2555 1320 2632 μὲν
1344 2552 1442 2618 ὄντας
1469 2553 1546 2625 τοὺς

404 2658 551 2737 ἐραςτάς·
591 2657 721 2722 ἀδοξίαν
749 2659 785 2720 δέ
813 2658 946 2738 φεύγειν
975 2654 1120 2719 ἅπαντας
1149 2656 1206 2733 μὲν
1236 2657 1295 2733 χρὴ
1323 2657 1399 2718 τοὺς
1427 2654 1545 2735 εὐφρο-

404 2764 552 2833 νοῦντας,
575 2758 705 2837 μάλιςτα
727 2760 763 2822 δέ
784 2760 861 2821 τοὺς
883 2758 996 2837 νέους,’
1014 2756 1064 2820 οἷς
1079 2756 1131 2820 ἐπὶ
1153 2758 1351 2835 μακρότερον
1375 2755 1546 2832 ἐγκείςεται

489 2960 610 3038 Ὥςπερ
640 2959 699 3024 οὖν
728 2959 825 3038 ἱερῶν
853 2961 903 3023 καὶ
930 2959 1053 3035 θυςίας,
1088 2958 1174 3022 οὕτω
1208 2961 1344 3023 καὶτοῦ
1374 2960 1443 3039 βίου
1470 2959 1546 3022 τοὺς

406 3056 606 3143 ἀρχομένους
628 3061 775 3136 εὐλογίας
799 3060 961 3143 λίμάλιςτα
975 3080 1087 3139 πρ.
1105 3110 1133 3122 ..
1156 3063 1223 3123 τοῖς
1241 3063 1308 3124 τῶν
1324 3110 1330 3122 .
1346 3110 1352 3121 .
1370 3110 1375 3122 .
1392 3060 1435 3123 είς
1458 3059 1546 3138 ἐςχά-

405 3186 462 3244 την
486 3164 615 3229 ἀδοξίαν
640 3184 687 3226 α.
715 3211 721 3223 .
748 3208 755 3222 .
778 3161 914 3225 τούτους
935 3163 971 3225 δέ
994 3162 1149 3254 χρηςτοὺς
1171 3161 1303 3239 ἐραςτάς
1325 3160 1398 3226 ἐξὸν
1422 3161 1448 3224 εἰ
1472 3210 1478 3223 .
1505 3209 1511 3222 .
1539 3210 1545 3221 .

342 3336 346 3340 .
406 3268 502 3331 πέντε
532 3267 581 3328 καί
605 3313 612 3326 .
639 3314 645 3325 .
672 3313 678 3325 .
705 3312 711 3325 .
737 3284 845 3327 ανεικ
869 3311 875 3324 .
902 3309 910 3325 .
935 3312 942 3324 .
965 3283 1026 3326 νον
1054 3266 1159 3340 χρῆμα
1187 3263 1331 3341 ἐραςταῑς
1355 3311 1361 3324 .
1388 3311 1394 3323 .
1420 3312 1426 3324 .
1457 3284 1545 3326 του.

410 3416 415 3428 .
443 3417 448 3428 .
474 3416 480 3429 .
504 3369 539 3429 δέ
566 3366 699 3444 καὶγὰρ
727 3365 759 3428 οί
781 3365 917 3442 ἐρῶντες
941 3365 992 3428 διὰ
1014 3370 1081 3427 τῶν
1103 3368 1240 3429 τοιῶνδε
1264 3364 1461 3444 φορημάτων
1488 3363 1548 3426 οὐκ

408 3468 549 3532 ἐκείνους
571 3470 709 3546 τιμῶςιν,
733 3465 808 3529 ἀλλ)
831 3464 921 3529 αὐτοὶ
938 3463 1228 3542 ἀλαίῖζονεύονταί
1243 3485 1276 3528 τε
1291 3466 1342 3527 καὶ
1357 3465 1547 3529 ἐπιδείκνυν-

494 3625 507 3670 1
525 3617 644 3671 Videtur
662 3617 757 3671 deesse
781 3617 976 3684 διαμαρτάνειν
998 3616 1044 3669 vel
1061 3618 1175 3681 ἀτυχεῖν
1193 3616 1237 3670 vel
1255 3609 1412 3668 h1iiusm0di
1429 3616 1548 3670 vocabu·
1645 3659 1648 3664 .

407 3703 472 3769 lum,
493 3702 536 3756 cui
554 3720 618 3756 mox
634 3701 806 3755 reddendum
824 3706 981 3767 κεκτῆςθαι.
1018 3706 1192 3768 Heindorfius.

493 3794 508 3839 2
527 3786 627 3854 Incipit
645 3786 712 3840 θοά.
731 3787 858 3839 Ambros.
878 3804 904 3853 p.
924 3791 966 3838 84.
1003 3784 1108 3838 Codex:
1129 3786 1180 3852 εἴη.

495 3880 509 3925 3
527 3871 693 3924 Niebuhrius
712 3870 822 3924 coniicit
841 3872 971 3937 ἐρῶντος.
1136 3855 1146 3874 '

493 3964 510 4009 4
528 3954 632 4008 Codex:
652 3961 805 4023 μηρῶντες.

494 4041 571 4095 δΡω
589 4039 689 4092 Codex.

494 4123 632 4177 600dex:
652 4125 770 4190 (κέρδος.
798 4124 874 4177 Haec
891 4126 978 4178 verba
995 4141 1051 4177 non
1068 4123 1203 4192 intelligo.
1240 4123 1477 4192 simplicissimum
1495 4125 1549 4176 erit

411 4229 472 4264 eum
490 4210 662 4262 Buttmanno
680 4208 802 4261 inserere
821 4209 877 4262 καί·
897 4212 941 4261 καί
961 4211 1056 4275 κέρδος
1075 4212 1129 4262 καί
1148 4210 1248 4273 κόςμος
1267 4208 1392 4274 θαλάττῃ
1412 4211 1467 4261 κτὲ.

496 4300 510 4347 7
530 4293 634 4347 Codex:
665 4294 799 4357 κάλλους,
824 4292 898 4359 quod
915 4294 1002 4346 miror
1019 4293 1142 4345 nondum
1160 4291 1244 4344 fuisse
1263 4292 1447 4344 emendatum.
1484 4293 1548 4343 Mox

411 4379 563 4433 Iacobsius:
582 4380 635 4443 οὐχ
652 4378 679 4431 οἱ
697 4377 814 4444 έραςταί.

495 4470 511 4517 θ
530 4462 659 4530 Sequitur
682 4462 748 4515 eod.
772 4462 900 4515 Ambros.
920 4480 946 4530 p.
967 4469 1012 4529 83,
1037 4461 1113 4515 cuius
1136 4462 1274 4529 scriptura
1296 4461 1414 4513 evanida
1436 4462 1549 4528 praeter

412 4550 523 4603 ufflmos
542 4564 637 4601 versus
656 4547 705 4600 οοί.
726 4546 846 4600 asterius.
884 4545 1000 4616 Supplet
1017 4545 1206 4599 Heindorfius:
1237 4545 1353 4609 μάλιςτα
1375 4546 1475 4609 πρέπει
1492 4546 1548 4597 ἐπι-

413 4638 557 4701 μελεῖςθαι.

496 4725 511 4771 θ
529 4716 630 4785 Incipit
648 4715 714 4774 Cod.
734 4717 860 4769 AmbrOS.
878 4729 909 4784 pJ
925 4722 965 4770 74.

466 4837 565 4875 νποιιν,
586 4838 620 4871 υτ
639 4837 741 4875 καίτοι,
761 4813 851 4873 πυτατ,
1308 4799 1345 4863 17
