4142 5659
771 667 821 721 AD
839 667 973 722 Aureus
991 668 1099 721 LIBER
1117 668 1151 722 ΙΙ.
1474 671 1535 734 189

384 841 471 925 ¹[oui
489 838 642 905 Callistus
663 838 824 927 lacrimas]
844 889 850 902 .
870 889 876 901 .
897 888 904 902 .
928 841 1079 922 patrem.
1106 887 1112 900 .
1138 839 1273 922 adeptus
1296 861 1329 902 es
1350 888 1356 901 .
1377 888 1384 901 .
1408 839 1534 922 quia..

381 942 513 1027 gaudeo
538 992 544 1005 .
571 991 577 1004 .
603 943 635 1003 et
659 990 665 1003 .
692 990 699 1003 .
729 940 823 1004 hodie
848 991 854 1004 .
881 991 888 1002 .
913 962 982 1004 esse
1006 940 1032 1004 si
1077 939 1171 1004 hodie
1197 991 1203 1003 .
1231 990 1238 1004 .
1262 963 1352 1004 mens
1378 992 1384 1004 .
1412 991 1451 1004 ..
1496 942 1535 1005 ln

380 1045 493 1106 forum
522 1042 687 1106 deseendit
714 1041 877 1105 natalibus
906 1040 1040 1124 nobilia,
1071 1041 1109 1104 de
1136 1042 1207 1105 soro
1235 1043 1332 1106 rediit
1353 1041 1536 1125 eloquentia

381 1168 483 1232 quam
506 1166 626 1229 genere
649 1143 816 1207 nobili0r².
971 1137 973 1144 ⁸

718 1268 795 1341 Lepi
816 1267 986 1326 Emendavi
1005 1269 1060 1341 qni
1078 1263 1204 1351 supro3.

806 1397 850 1462 M.
862 1397 1124 1489 ›FRONTONIS

669 1522 975 1582 EPISTULARUM
1004 1523 1064 1581 AD
1093 1523 1253 1604 Amicos

888 1617 994 1670 LIBER
1010 1618 1031 1671 I.

838 1683 1092 1785 raouooms'

744 1821 1001 1877 EPISTULARUM
1017 1821 1127 1875 LIBER
1144 1823 1178 1876 II.

555 2248 885 2345 ⁴EPISTULARUM
914 2249 975 2311 AD
998 2247 1164 2314 Amicos
1193 2248 1313 2313 LIBRI
1335 2250 1378 2312 II·

800 2392 802 2397 ’
891 2400 1029 2455 INDEX.

388 2529 401 2576 1
426 2527 558 2576 Volumnio
577 2524 717 2586 Qeindroio
993 2526 1007 2573 7
1028 2525 1108 2574 Anio
1127 2526 1263 2575 Antonino.

457 2607 570 2661 Secreto
588 2605 724 2671 habeb0⁶.
1045 2604 1122 2659 Siout
1140 2622 1188 2659 eos
1207 2607 1262 2673 qui.

387 2699 403 2746 2
425 2697 558 2747 Volumnio
577 2694 718 2756 Quadrato,
992 2695 1008 2742 8
1027 2695 1109 2745 Arrio
1129 2696 1268 2747 Antonino,

457 2775 606 2847 Castrieius
624 2777 726 2829 noster.
1044 2775 1175 2830 Gratulor
1192 2775 1261 2839 mihi
1279 2777 1435 2846 plerosque.

387 2871 403 2917 3
425 2868 557 2917 Volumnio
577 2864 718 2925 Quadrato.
992 2866 1008 2912 9
1029 2865 1111 2914 Arrio
1130 2864 1271 2915 Antonino.

454 2948 569 3016 Legem,
587 2946 633 2998 fili.
1044 2944 1210 2999 Valerianus
1230 2944 1372 3001 Clitianus.

386 3038 403 3085 4
423 3036 541 3087 Cornelio
559 3035 711 3098 Repentino.
978 3035 1009 3084 lo
1030 3033 1082 3082 III
1086 3034 1158 3083 Viris
1177 3041 1203 3083 ei
1222 3035 1414 3085 Decurionibus,
1434 3029 1436 3033 ⁴

455 3114 571 3181 Feoisti,
589 3116 677 3169 frater
695 3114 834 3169 Contucci.
1044 3114 1123 3168 Meae
1142 3113 1248 3182 gloriae
1265 3115 1362 3169 totius.

387 3208 403 3255 5
420 3202 531 3269 [Canio]
548 3205 673 3256 Maximo.
978 3206 1007 3251 ll
1028 3202 1157 3253 IIIViris
1175 3211 1200 3253 et
1218 3205 1412 3255 Decurionibus.

457 3285 537 3354 (Cum
555 3284 760 3353 gravitatem)⁶.
1045 3283 1172 3348 Quantae
1189 3283 1258 3337 mihi
1276 3303 1358 3339 curae
1364 3289 1383 3339 ⁷.

387 3379 403 3427 6
423 3375 504 3425 Arrio
523 3374 662 3424 Antonino.

454 3455 575 3509 Multum
593 3454 753 3508 amisorum.

474 3717 487 3763 1
506 3709 577 3762 Exin
598 3710 699 3764 lacuna
722 3711 765 3764 est
787 3727 915 3766 versuum
932 3709 1034 3777 XXVI,
1057 3726 1176 3778 quormn
1197 3728 1253 3766 non
1271 3710 1323 3775 nisi
1340 3727 1431 3780 pauoa
1448 3712 1536 3766 verba

388 3797 544 3865 aucupatus
562 3812 631 3848 sum.
668 3799 763 3849 Maius.

473 3887 489 3934 2
507 3880 584 3934 Haeo
601 3878 700 3933 ultima
717 3879 856 3934 sententia
874 3897 888 3934 e
907 3880 1034 3949 margine
1054 3883 1104 3934 est.

474 3972 489 4019 3
507 3963 681 4033 Subscriptio
699 3964 783 4020 hodie
801 3964 893 4034 periit.

474 4057 491 4104 4
507 4049 609 4119 Incipit
627 4048 693 4104 (lod.
712 4068 739 4119 p.
759 4055 818 4115 292,
839 4049 1044 4116 obscurissima,
1063 4067 1135 4118 quae
1153 4050 1199 4127 νὴ(
1217 4049 1337 4103 eonferri
1354 4049 1455 4118 potuit.

475 4140 491 4189 5
509 4135 553 4189 Ita
569 4134 699 4203 legebam
717 4135 746 4188 in
763 4133 862 4189 indice.
889 4135 955 4203 Mox
972 4136 1068 4189 tamen
1085 4135 1114 4188 in
1133 4135 1229 4189 ordine
1248 4133 1394 4188 evidentur
1411 4146 1536 4196 semotum

298 4223 299 4227 ’
388 4223 505 4274 servabo.
541 4223 637 4274 Maius.

475 4309 491 4357 6
508 4303 561 4356 Vix
579 4303 678 4358 dubito
697 4304 763 4386 quin
780 4304 851 4358 haee
867 4304 952 4359 fuerit
969 4305 1018 4358 illa
1030 4305 1158 4373 epistula,
1178 4321 1262 4372 quam
1280 4303 1345 4357 dedi
1362 4304 1391 4356 in
1407 4302 1480 4357 libro
1499 4304 1536 4357 ad

389 4389 482 4456 Pium,
510 4389 575 4459 quia
596 4389 654 4443 illie
676 4391 704 4443 et
727 4390 858 4443 contenta
879 4388 932 4442 fuit
955 4391 984 4443 et
1006 4406 1069 4443 eam
1086 4388 1206 4444 retinere
1224 4387 1303 4442 licuit
1319 4389 1437 4457 propter
1455 4405 1537 4457 argu·
1639 4400 1643 4409 ·

389 4473 478 4527 menti
495 4474 538 4528 sui
554 4475 692 4528 naturam.
730 4479 824 4531 Maius.

476 4566 490 4613 7
510 4558 618 4613 Codicis
641 4558 762 4629 spatium
789 4559 967 4613 obscuratum
989 4559 1064 4613 inter
1087 4558 1223 4627 epistulae
1246 4568 1356 4627 quantoe
1378 4563 1437 4611 mini
1459 4579 1536 4611 mirae

390 4643 502 4696 titulum
525 4643 689 4712 initiumque
712 4644 778 4697 libri
795 4661 851 4697 non
868 4644 931 4713 plus
950 4643 1025 4713 capit
1048 4661 1132 4712 quam
1155 4644 1280 4710 quatuor¹
1297 4642 1415 4696 aliarum
1433 4641 1535 4712 epistu-

390 4727 480 4780 larum
489 4728 595 4794 tituloS,
609 4728 631 4782 si
640 4731 735 4783 tamen
747 4728 776 4780 id
788 4728 909 4797 spatium
921 4728 1165 4798 totum-scriptura
1177 4729 1343 4797 oeoupatum
1355 4726 1415 4781 fuit.
1442 4731 1537 4784 Maius.
