4142 5659
521 669 585 734 256
872 664 909 719 M.
924 662 1094 719 CORNELII
1110 663 1317 718 FRONTONIS

522 842 579 919 μὲν
608 840 668 903 ὑπ’
690 840 768 918 ἐμοῦ
797 838 949 916 διδόμενα
978 836 1106 902 δικαίως
1128 837 1168 901 ἂν
1195 835 1324 914 καλοίη(
1352 839 1458 917 δῶρα,
1486 836 1526 899 τὰ
1548 836 1583 899 δ’
1607 834 1671 899 ὑπ’

522 942 647 1005 ἐκείνου
670 941 778 1020 λύτρα.
813 941 973 1005 Μάντεων
989 942 1024 1003 δὲ
1040 940 1152 1003 παιδές
1167 949 1263 1018 φαςιν
1285 939 1423 1002 καὶτοῖς
1446 941 1532 1002 θεοῖς
1554 937 1671 1015 ἡδίους

523 1041 694 1130 εἶναιτῶν
716 1046 833 1106 θυςιῶν
855 1042 913 1105 τάς
935 1040 1157 1122 χάριςτηρίους
1178 1042 1198 1119 ἢ
1220 1042 1276 1104 τάς
1307 1040 1494 1118 μειλιχίους·
1533 1037 1581 1103 ὧν
1612 1040 1670 1102 τὰς

522 1147 579 1223 μὲν
603 1144 633 1208 ολ
656 1145 867 1224 εὐτυχοῦντες
896 1144 948 1207 ἐπὶ
971 1145 1099 1227 φυλακῇ
1127 1145 1177 1206 καὶ
1205 1145 1308 1222 κτήςει
1335 1146 1402 1206 τῶν
1431 1143 1580 1223 ἀγαθῶν,
1611 1143 1671 1205 τὰς

522 1249 558 1311 δὲ
587 1246 618 1310 οἱ
645 1252 751 1311 κακῶς
778 1247 974 1324 πράττοντες
1002 1246 1057 1309 ἐπ’
1086 1244 1257 1328 ἀποτροπῇ
1286 1249 1352 1308 τῶν
1380 1248 1497 1308 δεινῶν
1527 1244 1669 1321 θύουςιν,
1753 1271 1755 1276 ·

523 1349 605 1413 Τάδε
628 1351 684 1427 μὲν
707 1349 779 1427 περὶ
800 1355 867 1413 τῶν
884 1349 1114 1428 ςυμφερόντων
1130 1348 1180 1411 καὶ
1194 1346 1279 1412 τῶν1
1297 1346 1345 1410 ςοί
1366 1367 1401 1410 τε
1423 1346 1559 1430 κάκείνῳ
1579 1346 1669 1425 ὠφε-

523 1451 623 1529 λίμων
647 1450 790 1530 εἰρήςθω.
1274 1515 1290 1534 Η

608 1552 640 1615 Εἰ
661 1553 697 1615 δὲ
719 1555 816 1615 τούτο
840 1550 978 1616 δίκαιόςῖ
1002 1551 1085 1617 ἐςτιν
1107 1554 1214 1631 τυχεῖν
1236 1555 1292 1629 τῆς
1314 1553 1402 1632 παρὰ
1425 1550 1503 1617 ςού3
1520 1550 1669 1631 βοηθείας

523 1704 529 1718 .
554 1706 559 1717 .
584 1704 590 1717 .
614 1675 724 1733 ερειςω
748 1674 783 1717 ςυ
805 1658 902 1718 τούτο
927 1704 933 1717 .
959 1704 965 1716 .
993 1653 1081 1738 αὐτῷ
1110 1660 1241 1738 πονερῷ
1271 1655 1307 1717 δὲ
1329 1674 1469 1732 τεκτηνω
1497 1654 1548 1715 καὶ
1570 1672 1669 1731 μηχα-

522 1756 1289 1838 νήςωτάςθεττα..μεν..ων..ἐρᾷς..
1318 1752 1668 1819 δὲπα..είπε...

523 1879 601 1923 τοτα
622 1879 706 1922 κον.
732 1907 739 1919 .
762 1906 769 1920 .
794 1858 980 1937 (άλναίτιος.
1007 1906 1013 1917 .
1037 1857 1126 1921 τινὸς
1148 1859 1202 1921 διὰ
1223 1859 1281 1935 πλν
1304 1857 1391 1941 αὐτῷ
1415 1878 1533 1922 κατακο
1551 1905 1558 1919 .
1577 1906 1584 1918 .
1604 1905 1611 1918 .
1629 1878 1667 1920 κο

526 2010 532 2022 .
559 2009 566 2021 .
592 1959 634 2044 ‚1⁴
657 1961 742 2037 πλὴν
766 1958 793 2023 εἰ
815 1960 905 2044 μήτι
928 1959 1039 2039 ὀφθεὶς
1061 1959 1217 2046 ἠδίκηκας.
1514 2035 1519 2038 ἱ

609 2062 661 2139 Μὴ
685 2060 794 2135 ἀγνόει
818 2061 925 2124 δὲκαὶ
952 2061 1107 2140 ἀδικηθείς
1130 2062 1226 2125 αὐτὸς
1249 2063 1299 2125 καὶ
1322 2060 1528 2141 ὑβριζόμενος
1551 2060 1591 2124 οὐ
1615 2082 1668 2139 με-

523 2162 612 2242 τρίαν
634 2163 693 2241 ἤδη
717 2163 834 2240 ταύτην
850 2163 927 2240 τὴν5
943 2163 1047 2243 ὕβριν,
1071 2164 1108 2226 τὸ
1131 2168 1274 2228 ἅπαντας
1298 2163 1415 2227 εἰδέναι
1437 2184 1470 2227 τε
1493 2164 1543 2226 καί
1566 2183 1668 2243 φανε-

524 2269 588 2352 ρῶς
612 2264 716 2329 οὕτως
739 2264 951 2342 διαλέγεςθαι,
982 2264 1031 2328 ὅτι
1060 2285 1117 2329 ςου
1140 2265 1187 2344 είη
1217 2265 1272 2329 ὅδε
1296 2266 1441 2344 ἑραςτής·
1476 2265 1608 2346 φθάνεις
1632 2266 1668 2328 δὲ

523 2368 574 2430 καὶ
595 2366 669 2445 πρίν
691 2372 807 2431 τιτῶν
829 2370 966 2431 τοιῶνδε
989 2370 1115 2445 πρᾶξαι,
1137 2367 1282 2445 τοῦνομα
1303 2372 1358 2446 τῆς
1380 2366 1526 2447 πράξεως
1550 2365 1668 2444 ύπομέ-

523 2490 600 2533 νων.
647 2468 781 2532 Καλοῦςί
802 2470 837 2543 γ’
859 2466 939 2532 οὖνὸ
962 2489 994 2532 τε
1018 2469 1048 2538 οἱ
1070 2463 1211 2534 πλεῖςτοι
1233 2475 1300 2534 τῶν
1323 2470 1466 2533 πολιτῶν
1489 2469 1547 2532 τὸν
1569 2472 1667 2532 τοῦδε

523 2569 703 2647 ἐρώμενον·
736 2569 800 2643 ἐγὼ
831 2570 866 2631 δέ
890 2590 938 2632 ςοι
960 2572 1148 2651 διαφυλάξω
1170 2571 1314 2651 τοῦνομα
1342 2572 1483 2649 καθαρὸν
1511 2571 1562 2634 καὶ
1589 2569 1667 2633 ἀνύ-

525 2676 659 2749 βριςτον.
706 2671 808 2733 Καλὸς
836 2670 897 2749 γὰρ
927 2670 998 2750 οὐχὶ
1026 2672 1207 2752 ἐρώμενος7
1235 2674 1272 2738 τό
1299 2695 1336 2749 γε
1364 2673 1435 2736 κατ’
1462 2673 1517 2752 ἐμὲ
1544 2671 1666 2750 ὀνομα-

429 2800 432 2802 “
525 2774 635 2855 ςθήςει.
671 2769 704 2834 Εἰ
725 2770 781 2835 δὲΒ
795 2771 900 2854 τούτῳ
924 2772 968 2835 ὡς
991 2774 1100 2857 δικαίῳ
1123 2776 1182 2841 τινὶ
1204 2777 1361 2856 χρήςεται,
1384 2774 1433 2838 ὅτι
1455 2776 1577 2853 μᾶλλον
1601 2774 1668 2836 ἐπι-

523 2878 628 2955 θυμεῖ,
657 2872 732 2938 ίςτω
762 2872 811 2936 ὅτι
836 2874 895 2937 οὐκ
918 2875 1061 2955 ἐπιθυμεῖ
1082 2878 1223 2966 μᾶλλον,
1253 2877 1312 2941 ἀλλ
1321 2878 1331 2945 ’⁴
1351 2876 1556 2954 ἰταμώτερον.
1602 2876 1667 2939 Τὰς

523 2978 559 3039 δὲ
581 2976 671 3052 μυίας
693 2977 744 3039 καὶ
766 2976 821 3038 ’τὰς
838 2974 968 3052 ἐμπίδας
987 2978 1118 3054 μάλιςτα
1133 2977 1357 3058 άποςοβούμεν
1373 2980 1424 3041 καὶ
1439 2978 1665 3056 ἀπωθούμεθα,

523 3076 572 3140 ὅτι
599 3077 808 3141 άνωδέςτατα
842 3079 892 3140 καὶ
920 3077 1100 3157 ἰταμώτατα
1127 3081 1340 3144 ἐπιπέτονται.
1384 3081 1489 3144 Τοῦτο
1518 3080 1574 3156 μὲν
1604 3076 1665 3142 οὖν

523 3180 633 3242 καὶτὰ
656 3180 748 3259 θηρία
770 3179 928 3243 ἐπίςταται
957 3181 1089 3261 φεύγειν
1118 3182 1249 3260 μάλιςτα
1277 3182 1411 3246 πάντων
1433 3182 1509 3245 τοὺς
1532 3180 1666 3257 κυνηγέ-

522 3301 589 3358 τας,
611 3282 722 3345 καὶτὰ
744 3282 851 3359 πτηνὰ
872 3282 948 3345 τοὺς
972 3282 1154 3361 θηρευτάςί.
1187 3284 1242 3346 Καὶ
1256 3283 1361 3348 πάντα
1384 3285 1419 3347 δὲ
1441 3284 1480 3347 τά
1502 3288 1570 3367 Ζῷα
1591 3282 1667 3345 τού-

522 3403 597 3446 τους
620 3381 751 3459 μάλιςτα
779 3383 961 3461 ἐκτρέπεται
988 3385 1065 3448 τοὺς
1092 3385 1224 3463 μάλιςτα
1252 3385 1483 3463 ἐνεδρεύοντας
1513 3386 1563 3448 καὶ
1591 3384 1665 3447 διώ·
1693 3460 1695 3462 .

521 3504 647 3548 κοντας.

610 3585 642 3648 Εἰ
669 3585 705 3649 δέ
736 3605 782 3649 τις
816 3586 914 3650 οἴεται
951 3586 1163 3668 ἐνδοξότερον
1197 3589 1247 3652 καὶ
1277 3588 1479 3668 ἐντιμότερον
1514 3585 1597 3652 εἶναι
1625 3588 1664 3651 τὸ

522 3686 640 3749 κάλλος
662 3688 715 3749 διὰ
737 3688 814 3750 τοὺς
836 3688 985 3766 ἐραςτάς,
1007 3694 1066 3753 τοῦ
1089 3692 1211 3755 παντὸς
1234 3692 1448 3769 διαμαρτάνει.
1496 3689 1665 3754 Κινδυνεύ-

523 3807 574 3850 ετε
597 3789 653 3864 μὲν
675 3787 738 3868 γὰρ
760 3787 790 3850 οἱ
805 3790 896 3852 καλοὶ
918 3790 1069 3869 περὶτοῦ
1093 3792 1231 3856 κάλλους
1253 3796 1309 3871 τῆς
1331 3793 1364 3857 ἐς
1387 3794 1463 3858 τοὺς
1485 3790 1665 3856 ἀκούοντας

607 3961 621 4007 1
640 3954 701 4008 Duo
719 3953 857 4009 vocabula
873 3955 962 4010 Maius
981 3955 1082 4013 oniisit.

606 4046 621 4092 2
640 4039 728 4093 Maius
749 4039 820 4109 legii
837 4042 953 4096 δίκαιον.

606 4132 621 4178 3
638 4122 756 4178 Videtur
772 4124 830 4193 legi
841 4127 915 4181 ΠΑΡ
927 4126 939 4179 λ
950 4128 990 4182 ΙΟ.
1016 4128 1175 4197 Sequuntur
1193 4129 1416 4198 quattuordecim
1432 4147 1527 4184 versus
1546 4125 1666 4195 evanidi,

522 4225 590 4276 quos
609 4209 682 4262 dabo
700 4208 754 4262 fide
771 4208 845 4263 Maii.
882 4212 1018 4280 Pleraque
1035 4213 1066 4266 in
1082 4213 1116 4267 iis
1134 4215 1257 4268 absurda
1274 4217 1346 4269 sunt.

605 4299 622 4346 4
639 4292 739 4361 Incipit
757 4293 823 4348 eod.
843 4295 970 4349 Ambros.
989 4315 1016 4366 p.
1037 4303 1077 4352 69.

606 4377 724 4431 5Deest
740 4378 769 4430 in
788 4377 896 4433 Codice.
933 4380 1051 4450 Supplet
1068 4380 1245 4436 Niebuhrius.
1280 4384 1423 4439 Bekkerus
1442 4381 1633 4440 contradicit.

605 4467 620 4513 6
638 4461 727 4515 Maius
744 4462 826 4531 legit:
845 4469 976 4519 καλούςιν
994 4467 1054 4519 ούν.
1092 4466 1219 4522 Correxit
1237 4469 1390 4523 Bekkerus.

606 4551 620 4597 7
640 4544 744 4598 Codex:
767 4550 783 4599 δ
801 4549 951 4615 ἐρώμενος.

605 4633 620 4681 8
640 4628 744 4683 Codex:
772 4633 814 4698 δή.

605 4713 790 4769 ulaoobsius:
809 4716 926 4772 ίξευτάς.
