4142 5659
778 671 827 724 AD
846 669 979 726 amcos
997 672 1106 726 LIBER
1123 674 1143 727 I.

551 856 619 921 XI.
664 856 800 924 Fronto
822 857 925 924 Velio
947 858 1062 926 Rufo¹
1087 857 1171 926 Seni
1196 856 1371 928 Salutem.

472 991 612 1075 Figurae
641 992 796 1056 orationis
824 997 900 1058 sunt
923 1017 1003 1081 quae
1025 996 1163 1059 maxime
1185 998 1532 1065 orationemorna11t³.

386 1093 513 1177 Duplex
537 1097 644 1157 antem
667 1116 769 1178 genus
792 1097 841 1158 est
862 1096 1054 1180 figurarum:
1079 1101 1135 1161 aut
1151 1099 1237 1162 enim
1252 1100 1438 1163 verbornm²
1453 1103 1534 1186 figu-

386 1217 441 1259 rae
464 1198 542 1259 sunt
565 1199 621 1260 aut
643 1197 887 1261 sententiarum.
932 1197 972 1262 In
994 1199 1108 1282 figuris
1131 1200 1300 1264 verborum
1322 1205 1372 1265 est
1393 1205 1531 1287 tropos³‚

385 1298 584 1381 metaphora.
619 1297 691 1362 Hac
713 1299 818 1383 figura
841 1321 915 1362 usns
938 1322 1019 1382 sum,
1044 1323 1116 1364 cum
1138 1302 1295 1386 figuram⁴
1317 1304 1383 1367 dixi
1406 1306 1443 1368 de
1467 1327 1533 1369 cor-

385 1422 477 1483 pore,
502 1401 537 1463 in
560 1423 622 1485 quo
644 1423 748 1486 neque
771 1401 914 1465 sincerus
924 1402 945 1482 ⁵,
975 1424 1080 1486 neque
1103 1425 1186 1487 aqua
1208 1426 1299 1488 pura,
1323 1428 1426 1489 neque
1449 1407 1533 1470 ullus

386 1524 477 1564 umor
504 1501 660 1584 liquidus,
693 1503 748 1565 sed
775 1501 822 1565 ita
851 1505 887 1566 ut
909 1504 943 1566 in
966 1503 1083 1586 palude
1107 1509 1257 1588 corrupta
1279 1507 1396 1570 omnia.
1441 1507 1532 1582 Quod

385 1606 492 1666 autem
519 1603 688 1688 plerosque
723 1605 856 1689 [fugit]6
883 1607 915 1668 te
938 1605 1102 1669 hominem
1124 1606 1364 1691 vehementem,
1399 1612 1432 1672 et
1460 1633 1530 1674 cum

385 1705 531 1768 doctrina
554 1709 624 1769 tum
646 1706 748 1769 multo
770 1705 874 1790 magis
896 1709 1014 1770 natura
1036 1707 1178 1770 validum
1201 1710 1327 1792 [scirem
1343 1713 1439 1794 artes]
1463 1712 1531 1774 eius

385 1803 528 1870 medicae
553 1858 559 1870 .
585 1807 613 1870 .⁷
636 1830 671 1871 as
694 1807 788 1871 aliter
813 1856 1151 1872 ...........

516 1975 606 2042 XII.
653 1975 811 2061 (Aufidio
834 1977 1021 2042 Victorino
1045 1978 1184 2045 Genera
1208 1975 1400 2064 Salutem.)

467 2111 610 2176 Litteras
641 2113 744 2196 [qnals
774 2113 902 2176 domine
927 2163 1528 2182 ...................

383 2218 429 2290 ne,
457 2221 485 2276 ri
497 2225 581 2278 recte
598 2214 801 2297 l⁸meremur,
826 2214 955 2278 etmihi
971 2215 1070 2277 filiam
1086 2219 1118 2277 et
1139 2215 1200 2278 tibi
1221 2238 1363 2298 uxorem,
1387 2222 1423 2281 nt
1444 2224 1530 2283 recte

367 2316 563 2398 proveniat,
586 2316 753 2397 favebunt,
779 2318 811 2378 et
830 2316 986 2379 familiam
1001 2319 1147 2379 nostram
1169 2316 1276 2380 liberis
1300 2340 1337 2382 ac
1358 2321 1529 2402 nepotibus

382 2416 558 2500 augebunt,
584 2420 616 2481 et
639 2440 703 2501 eos,
730 2419 784 2501 qui
808 2421 900 2481 exte
923 2418 1026 2501 geniti
1050 2421 1126 2481 sunt
1149 2422 1315 2502 eruntque,
1339 2420 1386 2483 tui
1410 2422 1529 2486 similes

382 2518 605 2601 praestabunt.
654 2518 735 2584 Cum
767 2519 830 2583 isto
861 2520 989 2602 quidem
1022 2519 1088 2583 sive
1120 2519 1288 2584 Victorino
1321 2525 1430 2585 nostro
1463 2523 1528 2587 sive

381 2618 564 2684 Frontone⁹
588 2620 768 2684 cotidianae
796 2621 876 2684 mihi
904 2621 977 2684 lites
1006 2624 1039 2684 et
1060 2621 1166 2705 iurgia
1187 2623 1401 2687 intercedunt.
1446 2624 1528 2699 Qum

464 2807 482 2842 a
501 2793 533 2841 ln
551 2794 676 2857 alapiae:
695 2789 737 2842 De
756 2788 851 2857 figuris
869 2788 941 2843 bene
960 2789 1110 2844 disseritur.

465 2948 478 2994 1
498 2941 550 2995 Hic
568 2943 612 2996 est
630 2959 713 3010 quem
731 2943 869 2995 memorat
885 2942 996 2996 Marcus
1015 2943 1050 2996 de
1068 2943 1125 2995 reb.
1146 2943 1205 2996 XII.
1220 2950 1260 3008 273
1280 2945 1324 2997 vel
1340 2945 1363 2996 is
1382 2963 1465 3013 quem
1483 2963 1542 3007 oe.

380 3026 447 3080 cidit
470 3026 645 3080 Commodus.
683 3025 800 3096 Capitol,
827 3044 848 3079 c.
868 3032 892 3079 4.
923 3031 1018 3080 linias.
1054 3025 1294 3096 Philibert-Sonpe
1317 3047 1344 3096 p.
1363 3036 1396 3082 26
1419 3030 1526 3098 cogitat

379 3112 413 3164 dc
426 3112 506 3176 Rufe,
520 3110 638 3164 Herodis
651 3110 798 3178 discipulo,
812 3127 895 3178 quem
908 3111 1046 3165 memorat
1057 3110 1240 3165 Philostratus
1252 3111 1522 3180 Vit.Sophist.ll.17.

395 3193 398 3198 ’
463 3194 603 3248 2Ccdcx:
623 3199 732 3252 verbam.

463 3287 478 3333 3
498 3279 604 3332 Codex:
627 3291 725 3347 loprae.

462 3363 669 3432 4Sch0penns:
686 3370 813 3431 paludem.
845 3365 1031 3418 Ecksteinius:
1049 3372 1172 3418 lacunam.
1248 3414 1252 3421 .

463 3456 478 3502 5
496 3447 678 3502 Niebuhrius:
699 3469 780 3518 neque
798 3448 910 3517 sanguis
927 3456 1050 3503 sinceras.
1441 3508 1449 3519 .

462 3539 477 3586 6
495 3531 673 3586 Heindorfius
692 3533 813 3586 coniicit:
838 3538 911 3605 Quod
927 3526 1016 3590 antea,
1025 3541 1162 3602 plerosque
1183 3533 1312 3599 offendit,
1332 3535 1406 3600 quod
1423 3535 1480 3588 dixi
1499 3548 1523 3590 te

377 3624 497 3674 hominem
514 3622 693 3671 uehementem:
716 3638 769 3670 cam
787 3623 912 3681 doctrina,
931 3630 981 3672 tara
998 3628 1072 3674 multo
1090 3626 1169 3686 mapis
1188 3630 1281 3671 natura
1298 3624 1405 3673 calidam
1424 3626 1481 3674 dicei
1494 3659 1521 3674 ..

463 3785 601 3856 'lSupple
620 3788 752 3853 quattuor
770 3787 884 3841 litteras.
917 3792 1012 3841 Maias.
1508 3839 1511 3843 ,

462 3878 477 3924 8
495 3870 598 3939 Incipit
610 3869 675 3924 Cod.
690 3890 717 3938 p.
732 3877 789 3924 324.
816 3871 924 3925 Titulus
944 3874 973 3925 et
991 3871 1126 3942 epistolae
1144 3872 1253 3926 initium
1272 3890 1304 3925 ex
1322 3873 1413 3928 indice
1431 3877 1522 3930 sumta

377 3957 448 4009 sunt.
486 3955 626 4009 Videntur
649 3956 695 4009 hic
718 3956 812 4010 deesse
837 3957 907 4010 duae
930 3957 1064 4025 paginae,
1087 3957 1187 4024 quibus
1210 3958 1302 4012 Codex
1324 3959 1522 4014 Ambrosianus

377 4042 466 4108 caret,
489 4057 554 4094 nam
572 4040 678 4107 folium,
699 4041 774 4108 quod
792 4042 957 4107 tractamus,
976 4040 1151 4095 dimidiatum
1173 4044 1215 4095 est
1238 4044 1266 4096 et
1287 4041 1408 4110 paginae
1426 4049 1476 4097 309
1493 4046 1522 4097 et

376 4132 425 4180 310
443 4143 500 4179 non
517 4125 687 4179 Frontonem
704 4125 818 4191 habent,
837 4125 878 4178 uti
896 4125 957 4193 quis
974 4125 1136 4194 suspicetur,
1154 4127 1203 4178 sed
1216 4125 1335 4179 Gothica
1351 4127 1519 4194 fragmenta.

377 4211 507 4265 Ceterum
530 4209 597 4263 satis
621 4210 736 4277 longam
763 4209 846 4263 fuisse
864 4209 941 4263 illam
959 4210 996 4262 ad
1012 4209 1123 4264 Velium
1144 4210 1246 4263 Rufum
1269 4209 1416 4279 epistolam
1438 4229 1520 4264 nemo

375 4295 529 4350 mirabitur.
1208 4342 1210 4345 ,

460 4378 630 4446 9Loquitur
652 4378 756 4432 Fronto
780 4378 815 4432 de
836 4377 972 4432 Victorini
994 4379 1092 4445 filiole,
1119 4378 1166 4445 qui
1189 4377 1264 4446 apud
1286 4395 1315 4430 se
1338 4379 1518 4446 educabatur,

375 4464 409 4518 M.
430 4463 540 4518 Aufidio
558 4461 701 4516 Victorino
719 4463 872 4527 Frontone3
901 4463 947 4529 qui
966 4462 1065 4516 deinde
1087 4464 1168 4532 pater
1190 4461 1254 4528 fuit,
1276 4463 1307 4515 ut
1328 4463 1458 4530 arbitror,
1480 4464 1517 4517 M.

374 4548 477 4602 Aufidii
488 4546 647 4613 Frontonis,
660 4546 735 4601 curius
747 4546 855 4601 Pisauri
867 4539 961 4601 exstat
972 4548 1128 4617 sepulerum
1140 4564 1203 4600 cum
1214 4546 1401 4615 inscriptione.
1423 4553 1518 4604 Maias.

374 4632 463 4685 Aliter
480 4629 657 4698 Niebuhrins,
676 4649 759 4700 quem
777 4631 841 4686 vide
859 4633 895 4686 ad
912 4632 1067 4702 Epistulam
1085 4637 1118 4685 de
1136 4636 1236 4699 Nepote
1254 4636 1363 4686 Amisso.
1401 4633 1519 4703 Supplet

374 4717 561 4772 Heindorfius:
582 4715 794 4770 Conservabunt
803 4716 832 4770 di
840 4716 907 4771 boni
918 4716 941 4769 si
951 4736 1085 4772 meremur.
1151 4716 1271 4771 Deinde:
1291 4719 1320 4771 et
1329 4727 1355 4770 ct
1364 4729 1435 4772 recte
1441 4738 1515 4789 prov.

1703 1423 1718 1466 4
