4142 5659
504 659 618 706 XXVIII
937 638 1218 693 PROLEGOMENA.

505 835 562 876 cue
576 811 716 894 indicat,
741 834 774 875 se
788 810 823 873 in
838 811 1018 893 posterum,
1043 808 1156 872 relicta
1170 808 1342 893 rhetorica,
1366 809 1501 874 Rustico
1518 813 1648 876 auctore

504 918 541 978 ut
562 914 697 995 videtur,
722 912 834 976 studiis
856 910 1086 995 philosophicis
1109 933 1223 975 vacare
1244 913 1336 976 velle.

588 1015 710 1079 Multae
733 1013 886 1097 epistolae
909 1015 995 1097 sunt,
1019 1014 1177 1096 imprimis
1199 1014 1235 1077 in
1258 1015 1381 1078 duobus
1396 989 1487 1078 libris
1503 1016 1543 1078 ad
1559 1015 1649 1079 Ami-

470 1142 473 1147 ·
505 1140 568 1200 cos
593 1140 681 1201 quas,
705 1117 833 1200 quando
849 1116 943 1179 datae
959 1115 1035 1197 sint,
1061 1115 1194 1178 definire
1216 1138 1283 1179 non
1305 1117 1406 1199 potui,
1430 1117 1486 1180 sed
1504 1107 1648 1201 'reliquas

504 1241 624 1301 omnes,
648 1219 683 1282 in
698 1218 813 1302 quibus
828 1221 1009 1300 temporum
1024 1219 1118 1280 notas
1138 1217 1219 1280 mihi
1240 1218 1380 1300 reperire
1404 1220 1551 1303 contigit,
1575 1223 1650 1303 post

504 1342 666 1385 excessum
683 1320 843 1384 Antonini
866 1319 926 1401 Pii,
950 1318 1042 1382 Divis
1063 1319 1219 1382 fratribus
1241 1320 1485 1403 imperantibus
1510 1320 1648 1405 scriptas

503 1445 571 1487 esse
605 1422 705 1485 video
750 1422 848 1484 Amic
878 1421 936 1484 161
960 1419 1081 1484 Fronto
1108 1424 1261 1504 quattuor
1283 1444 1408 1485 menses
1430 1422 1533 1486 Roma
1561 1424 1649 1487 afue-

504 1528 556 1589 rat
578 1547 677 1608 eoque
699 1523 794 1587 rediit
817 1546 845 1586 a.
869 1524 899 1586 d.
921 1521 953 1585 V
974 1522 1048 1586 Kal.
1070 1522 1186 1606 April,
1209 1524 1322 1607 paucis
1345 1524 1455 1588 diebus
1478 1527 1649 1608 postquam

502 1627 580 1690 Pius
603 1627 687 1689 diem
709 1625 805 1708 obiit,
835 1627 889 1709 qui
917 1625 984 1688 dies
1006 1625 1071 1688 fuit
1091 1625 1174 1708 prid.
1198 1624 1246 1689 ld.
1270 1625 1368 1689 Mart.
1413 1625 1514 1689 Venit
1535 1627 1571 1690 in
1593 1651 1648 1711 pa-

501 1729 617 1792 latium
639 1727 679 1791 ad
700 1728 817 1791 fratres
843 1727 1007 1810 visendos,
1038 1728 1093 1790 sed
1115 1725 1220 1789 Verus
1249 1728 1332 1792 forte
1354 1729 1482 1814 aberat.
1527 1728 1649 1794 Hicin
1739 1722 1741 1725 ⁵

504 1829 639 1914 epistola
660 1829 686 1912 l,
711 1831 730 1893 3
760 1851 855 1913 aegre
876 1829 955 1911 fert,
985 1829 1071 1912 quod
1098 1829 1290 1913 magistrum
1317 1833 1391 1914 post
1418 1834 1547 1894 tantum
1569 1834 1648 1894 tem-

502 1932 588 2016 poris
612 1931 752 2015 spatium
773 1953 840 1994 non
864 1931 993 2013 viderit,
1022 1931 1195 2014 respondet
1221 1931 1342 1995 Fronto
1368 1935 1401 1996 et
1423 1933 1550 2016 culpam
1573 1956 1592 1995 a
1615 1955 1648 1996 se

504 2037 629 2098 amovet
649 2034 685 2097 in
708 2034 801 2118 epist.
825 2031 851 2115 I,
874 2032 906 2096 4.
951 2033 1133 2097 Dolendum
1160 2037 1210 2097 est
1236 2034 1370 2118 periisse
1392 2035 1476 2118 quod
1497 2036 1532 2098 in
1555 2058 1648 2099 excu-

503 2137 627 2215 satione
649 2136 858 2219 praecipuum
880 2135 988 2198 fuerit.
1030 2134 1092 2199 Sed
1114 2135 1340 2220 imperatoreS,
1366 2160 1438 2200 cum
1460 2136 1522 2200 sibi
1543 2137 1579 2201 in
1601 2160 1648 2201 se-

502 2241 581 2302 natu
605 2260 699 2321 saepe
721 2238 818 2300 verba
840 2237 988 2300 facienda
1011 2239 1135 2320 essent,
1165 2239 1330 2326 redierunt
1352 2240 1392 2302 ad
1415 2239 1521 2303 studia
1543 2240 1648 2304 rheto-

502 2340 585 2422 rica,
615 2362 696 2423 quae
719 2339 847 2403 Marcus
875 2361 933 2422 per
959 2339 1077 2404 multos
1108 2362 1210 2404 annos
1237 2341 1302 2404 iam
1328 2341 1425 2425 plane
1453 2343 1646 2425 deseruerat,

439 2481 441 2486 ι
502 2442 618 2506 Lucius
652 2444 759 2506 autem
785 2442 832 2505 ita
860 2441 1017 2524 coluerat,
1054 2444 1091 2505 ut
1123 2465 1190 2508 non
1223 2443 1302 2506 adeo
1334 2443 1506 2507 haberetur
1536 2444 1649 2508 melior

503 2546 610 2608 orator
633 2567 729 2628 quam
756 2546 866 2627 poeta,
902 2542 957 2608 sed
978 2544 1069 2628 peior
1095 2549 1191 2628 poeta
1219 2568 1315 2628 quam
1342 2545 1461 2609 rhetor.
1506 2546 1646 2630 Marcus,

492 2635 557 2730 ‘qui
580 2646 776 2710 Frontonem
799 2646 937 2729 amabat,
963 2647 1297 2727 continuoiutellexit
1318 2670 1352 2711 se
1373 2647 1423 2710 uti
1445 2646 1559 2711 debere
1581 2671 1647 2712 ma-

504 2748 598 2833 gistri
623 2747 780 2830 consiliis,
812 2747 900 2811 cuius
924 2749 1051 2812 dicendi
1074 2771 1177 2833 genus
1200 2749 1260 2812 etsi
1282 2749 1351 2833 ipse
1372 2750 1509 2812 fortasse
1530 2746 1650 2833 impross

502 2851 610 2932 baret,
640 2849 734 2912 unice
757 2852 863 2913 tamen
888 2851 1038 2933 placebat
1060 2851 1273 2914 senatoribus.
1318 2851 1362 2915 Et
1384 2873 1551 2935 possumus
1573 2875 1648 2936 quo-

456 3020 460 3029 ,
504 2952 671 3016 dammodo
701 2952 871 3041 aestimare
905 2951 1075 3016 mirificam
1102 2951 1189 3014 illius
1218 2953 1333 3016 aetatis
1361 2952 1557 3017 senatoriam
1586 2954 1647 3018 elo-

504 3053 678 3138 quentiam,
702 3053 785 3118 lecto
807 3056 937 3117 senatus
960 3053 1078 3116 iudicio
1101 3053 1139 3115 de
1163 3052 1334 3117 Commodo
1356 3055 1538 3137 interfecto,
1563 3056 1648 3139 quod

504 3156 642 3220 servavit
656 3155 873 3241 Lampridius:
896 3155 992 3219 facile
1008 3154 1175 3237 credimus,
1197 3177 1295 3238 quum
1310 3156 1406 3240 vulgo
1420 3157 1468 3220 ita
1482 3157 1648 3239 loqueren-

500 3244 566 3341 tur,
590 3258 786 3322 Frontonem
807 3258 949 3322 tenuisse
971 3257 1152 3341 principem
1173 3255 1208 3319 in
1231 3257 1364 3320 dicendo
1385 3257 1501 3336 locum.
1533 3257 1568 3321 L.
1585 3259 1648 3323 Ve-

503 3384 557 3424 rus
581 3362 702 3442 autem,
733 3361 787 3444 qui
815 3361 849 3423 in
872 3360 922 3423 his
945 3359 1059 3422 studiis
1082 3361 1115 3422 et
1136 3359 1205 3441 ipse
1229 3359 1347 3443 aliquid
1370 3361 1476 3424 videre
1499 3383 1533 3424 se
1554 3364 1647 3444 puta-

503 3463 570 3545 bat,
595 3484 633 3525 ea
656 3462 843 3546 arrogantia
866 3483 952 3543 usus,
977 3482 1184 3544 quamsaepe
1203 3450 1438 3525 animadvertas
1460 3463 1496 3525 in
1517 3464 1567 3546 iis,
1593 3465 1648 3547 qui

505 3586 617 3647 parum
639 3564 846 3647 profecerunt
873 3564 908 3626 in
931 3584 1129 3646 quacumque
1152 3566 1220 3627 arte
1243 3586 1277 3627 se
1300 3564 1515 3648 exercuerint,
1539 3565 1648 3629 nescio

504 3665 580 3749 quid
601 3665 637 3728 in
659 3664 821 3728 Frontone
844 3663 1094 3748 reprehenderat
1116 3668 1149 3729 et
1171 3666 1327 3749 quaedam
1349 3668 1518 3728 monuerat
1540 3667 1578 3729 de
1594 3689 1648 3750 op·
1735 3720 1738 3725 .

503 3766 583 3830 timo
605 3787 722 3850 genere
745 3766 882 3830 dicendi.
926 3766 1114 3851 Respondet
1136 3767 1273 3850 Fronto,
1304 3766 1354 3830 cui
1382 3790 1440 3831 sua
1465 3758 1560 3831 unice
1582 3768 1649 3851 pla-

506 3869 632 3950 cebant,
658 3868 775 3950 animo,
800 3870 837 3930 ut
852 3869 982 3952 opinor,
1006 3869 1159 3952 subnata,
1183 3873 1219 3932 in
1235 3868 1370 3952 epistola
1386 3869 1426 3931 ad
1440 3867 1562 3932 Verum
1576 3868 1602 3952 I,
1619 3872 1647 3934 1.

505 3970 579 4054 „sit
601 3970 685 4053 quod
706 3970 760 4033 ille
782 3969 886 4054 iubet,
915 3974 1039 4035 rectum
1065 3972 1202 4034 fortasse
1231 3969 1287 4033 sed
1314 3991 1420 4033 serum
1443 3972 1508 4033 est:
1545 3993 1649 4054 neque

505 4073 591 4136 enim
613 4072 720 4150 omnia
743 4095 824 4157 quae
846 4072 928 4136 ratio
950 4073 1108 4156 postulat,
1133 4073 1230 4135 etiam
1253 4073 1341 4135 aetas
1363 4072 1516 4136 tolerat.“
1561 4073 1649 4136 Ami-

506 4175 581 4238 citia
604 4177 714 4238 tamen
736 4175 857 4239 mansit
878 4174 1057 4238 incolumis.

463 4295 466 4302 ·
588 4276 725 4340 Interim
746 4276 876 4342 Marcus
898 4277 1022 4360 legerat
1045 4278 1077 4339 et
1099 4275 1258 4358 relegerat
1279 4275 1453 4339 Frontonis
1476 4275 1648 4361 orationes,

504 4400 583 4461 quas
611 4379 803 4443 meminerat
836 4401 869 4442 se
899 4378 1135 4441 adolescentem
1163 4377 1468 4441 cumadmiratione
1498 4380 1530 4440 et
1562 4379 1649 4442 volu-

390 4527 392 4532 ψ
504 4483 594 4564 ptate
615 4481 789 4563 audivisse,
813 4481 899 4543 inter
921 4501 1000 4562 quas
1023 4481 1056 4542 et
1077 4479 1133 4541 illa
1148 4481 1233 4562 erat,
1258 4501 1354 4564 quam
1369 4477 1446 4540 olim
1467 4478 1503 4542 in
1527 4479 1649 4542 caelum

505 4582 664 4646 extulerat
697 4583 735 4646 de
769 4581 819 4645 Pii
852 4579 1014 4643 laudibus:
1053 4580 1172 4645 Fronto
1203 4581 1325 4665 gratias
1359 4580 1429 4664 agit
1457 4581 1496 4643 ad
1524 4580 1647 4645 Anton.

504 4683 586 4766 Imp.
615 4682 658 4766 Π,
688 4683 718 4747 2.
764 4682 886 4746 Fodem
915 4703 1000 4745 anno
1031 4682 1107 4765 161,
1136 4705 1198 4767 quo
1226 4683 1270 4746 M.
1300 4681 1451 4745 Aurelius
1478 4682 1648 4768 imperium
1775 4689 1780 4699 “
