4142 5659
565 670 625 739 178
773 673 810 727 M.
824 672 994 727 CORNELII
1010 670 1218 727 FRONTONIS
1236 671 1493 727 EPISTULARUM

563 846 646 909 serio
666 845 716 909 vel
739 845 880 926 remisso,
905 855 1030 927 semper
1046 847 1079 907 et
1095 843 1213 927 ubique
1229 865 1435 935 eumparem
1458 843 1507 906 sui
1529 844 1709 908 invenies³⁶

460 1008 462 1011 .
563 947 693 1012 Patrem
720 969 794 1011 vero
817 948 884 1010 eius
918 947 1096 1030 egregium,
1125 947 1245 1029 virum,
1279 946 1343 1008 nisi
1370 949 1441 1008 tute
1468 958 1596 1028 nosses,
1632 947 1711 1010 satis

565 1052 657 1134 l¹ego
684 1049 815 1112 laudare
843 1071 909 1113 non
938 1070 1074 1131 possem.
1121 1047 1205 1122 Quin
1234 1048 1400 1132 aliquanto
1427 1047 1535 1110 minus
1563 1049 1710 1132 dixerim,

492 1170 496 1177 ·
562 1152 692 1224 tametsi
725 1151 898 1234 plurimum
931 1150 1049 1213 dixero,
1094 1148 1212 1212 Prosus
1248 1171 1308 1234 ego
1342 1148 1482 1213 Statiani
1515 1151 1577 1212 mei
1608 1150 1712 1213 filium

562 1254 826 1336 qualemcumque
849 1253 1026 1335 diligerem,
1051 1255 1119 1314 tam
1134 1250 1263 1314 hercule
1286 1273 1382 1334 quam
1398 1250 1602 1315 Faustiniani
1625 1252 1712 1315 mei²

562 1358 687 1438 patrem
709 1355 972 1439 qualemcumque
996 1375 1105 1417 carum
1127 1352 1288 1417 haberem.
1334 1353 1431 1417 Nunc
1455 1376 1527 1417 vero
1550 1357 1624 1417 uter
1646 1356 1730 1417 utri'

562 1458 634 1540 plus
658 1458 742 1540 apud
764 1478 814 1519 me
837 1456 962 1540 gratiae
986 1454 1150 1537 conciliet,
1174 1457 1305 1539 ignor03
1334 1455 1398 1518 nisi
1427 1456 1511 1539 quod
1539 1459 1712 1539 utrumque

561 1559 738 1642 impensius
762 1558 898 1621 alterum
921 1558 1053 1621 alterius
1075 1559 1182 1642 gratia
1204 1557 1305 1641 diligo
1315 1558 1340 1620 1.

758 1812 820 1879 Vl.
864 1812 1000 1878 Fronto
1023 1809 1152 1878 Avidio
1176 1811 1314 1878 Sassio³
1338 1807 1513 1878 Salutem.

647 1966 760 2031 Iunius
782 1965 962 2028 Marrimus‘1
984 1965 1149 2047 tribunus,
1179 1965 1234 2047 qui
1256 1965 1437 2028 laureatas⁵
1459 1965 1596 2028 Romam
1620 1967 1710 2030 adtu-

563 2069 602 2133 lit
622 2069 763 2150 litterae,
788 2090 853 2131 non
876 2066 1004 2151 publico
1027 2070 1156 2131 tantum
1178 2089 1310 2130 munere
1332 2071 1481 2149 strenue,
1506 2068 1561 2130 sed
1583 2069 1711 2150 privato

563 2172 660 2235 etiam
684 2191 761 2255 erga
783 2173 815 2233 te
838 2169 944 2233 officio
967 2169 1222 2232 amicefunctus
1251 2172 1315 2251 est3
1342 2169 1389 2232 ita
1417 2170 1455 2232 de
1483 2169 1650 2233 laboribus
1680 2174 1711 2233 et

564 2272 706 2337 consiliis
736 2271 801 2334 tuis
832 2273 865 2334 et
894 2271 1055 2334 industria
1087 2273 1121 2334 et
1153 2269 1323 2354 vigilantia
1357 2271 1559 2353 praedicator
1592 2271 1710 2353 ubique

562 2374 840 2459 frequentissimus
864 2372 980 2449 extitit.
1026 2372 1079 2434 Ad
1100 2393 1151 2434 me
1174 2372 1302 2455 quidem
1324 2372 1430 2435 minus
1453 2372 1616 2435 valentem
1639 2395 1709 2436 cum

562 2477 597 2539 in
621 2473 969 2539 suburbanamsvillam
990 2473 1147 2556 venisset,
1177 2495 1354 2557 numquam
1383 2473 1519 2537 cessavit
1543 2475 1580 2537 in
1602 2495 1709 2557 vespe-

563 2600 634 2640 rum
656 2598 755 2660 usque
778 2575 904 2639 fabulas
926 2578 1055 2638 nectere
1077 2575 1230 2638 itinerum
1252 2578 1380 2638 tuorum
1402 2578 1435 2638 et
1457 2574 1648 2659 disciplinae
1671 2576 1709 2638 ad

562 2680 703 2762 priscum
731 2699 851 2740 morem
873 2677 1043 2740 institutae
1072 2698 1110 2740 ac
1139 2680 1302 2758 retentae;
1331 2680 1402 2739 tum
1430 2678 1466 2740 in
1495 2679 1627 2760 agmine
1656 2677 1709 2739 du-

564 2781 664 2843 cendo
688 2782 720 2841 et
741 2801 839 2843 manu
862 2780 1059 2843 conserenda
1082 2779 1296 2843 strenuissimi
1315 2779 1434 2862 vigoris
1457 2779 1505 2841 tui
1528 2781 1562 2842 et
1585 2778 1707 2842 consul·

562 2882 705 2945 tissimae
733 2880 1019 2969 opportunitatis⁶;
1057 2902 1187 2963 prorsus
1219 2884 1256 2943 ut
1283 2879 1391 2943 nullus
1419 2880 1510 2942 miles
1538 2879 1708 2943 Plautinus

563 2985 602 3047 de
630 2984 695 3047 suis
723 3005 818 3069 qnam
846 2982 899 3046 hic
927 2983 965 3046 de
992 2982 1067 3044 tuis
1087 2982 1259 3046 virtutibus
1287 2982 1445 3066 gloriose⁷
1473 2983 1707 3064 praedicaret⁰z

562 3085 626 3149 nisi
649 3085 733 3169 quod
754 3083 888 3147 Plautus
917 3085 955 3146 de
978 3104 1035 3146 suo
1057 3083 1159 3146 mthe
1183 3105 1255 3146 cum
1277 3084 1401 3166 lepore,
1431 3082 1484 3146 hic
1513 3084 1551 3146 de
1578 3087 1612 3147 te
1640 3105 1707 3147 cum

563 3208 670 3265 amore
698 3189 730 3249 et
758 3208 831 3249 cum
860 3207 984 3249 summa
1015 3185 1123 3271 fideli
1168 3185 1296 3268 Dignus
1330 3188 1379 3249 est
1411 3207 1507 3267 quem
1535 3185 1653 3270 diligas
1679 3188 1707 3248 et

562 3288 725 3372 suffragiis
747 3288 812 3350 tuis
835 3308 939 3350 ornes,
985 3286 1074 3348 Tuae
1096 3287 1245 3370 propriae
1268 3286 1390 3370 gloriae
1413 3287 1586 3369 addideris
1611 3309 1705 3370 quan·

562 3393 632 3452 tum
654 3388 808 3473 dignitati
830 3388 1060 3471 praedicatoris
1082 3389 1130 3451 tui
1153 3388 1378 3452 adstruxerisl.

648 3694 665 3731 a
683 3681 716 3729 In
734 3682 860 3742 margine:
882 3675 998 3746 Semper
1016 3707 1049 3715 -
1066 3674 1197 3730 invenies.

647 3761 665 3813 b
684 3765 718 3813 In
735 3766 861 3829 margine:
882 3760 951 3814 Uter
975 3761 1119 3830 utriusque
1138 3763 1208 3830 aput
1224 3778 1269 3814 me
1288 3791 1321 3799 -
1338 3761 1480 3830 inpensius
1498 3791 1531 3799 —
1550 3761 1646 3830 diligo.

648 3861 663 3896 c
681 3849 714 3897 In
732 3850 855 3913 murpine:
879 3845 976 3898 Nullus
994 3876 1027 3884 -
1045 3845 1195 3899 virtutibus
1213 3845 1357 3913 gloriatur.
1560 3842 1571 3851 “

649 4056 661 4101 1
681 4049 782 4119 Incipit
804 4048 870 4103 Cod.
890 4068 917 4119 p.
937 4057 994 4104 322.

648 4141 663 4187 2
682 4133 748 4188 Ood.
767 4151 917 4204 perperam
935 4136 1027 4189 adds:
1044 4141 1131 4204 filium.

647 4226 663 4272 3
680 4218 714 4270 Ei
732 4219 837 4273 scilicet
856 4219 903 4287 qui
920 4222 1020 4288 postea
1037 4219 1215 4288 tyrannidem
1233 4220 1360 4290 arripuit.
1397 4225 1493 4276 Mario.

646 4310 662 4356 4
680 4303 724 4356 Ad
735 4303 844 4356 lunium
855 4303 1007 4357 Maximum
1025 4305 1183 4358 scribuntur
1202 4305 1272 4359 duae
1290 4305 1372 4358 huius
1383 4305 1448 4358 libri
1465 4306 1588 4359 litterae.
1612 4311 1702 4360 Maius.

647 4394 663 4441 5
681 4387 793 4442 Scilicet
812 4389 846 4441 de
864 4388 981 4442 victoria
998 4388 1138 4443 Parthica.
1175 4395 1271 4446 Maius.
1659 4401 1660 4405 ’

647 4477 662 4524 6
682 4471 721 4526 Cf.
740 4472 900 4526 Vulcatium
917 4473 947 4526 in
965 4472 1052 4527 Cassii
1070 4473 1135 4527 vita.
1156 4478 1250 4528 Maius.

647 4556 723 4610 ilia
742 4556 842 4611 Codex.
878 4557 967 4610 Malus
985 4557 1056 4626 legit
1072 4565 1209 4626 gloriatur.

646 4645 661 4692 8
679 4639 782 4709 Incipit
799 4641 865 4694 Cod.
884 4660 912 4711 p.
932 4649 989 4697 321.

646 4731 662 4778 9
681 4724 785 4779 Codex:
808 4732 966 4781 adtruoeerr's.
