4142 5659
769 684 909 739 muoss
932 685 1222 741 nsonaosnrmn.
1417 706 1419 710 ¹
1509 693 1573 756 215
1623 691 1625 694 ’

424 856 574 940 gentiae¹
598 855 684 919 haud
706 856 875 939 quisquam
896 877 1092 941 magnopere
1107 856 1240 920 insidias
1262 857 1359 941 locat,
1384 859 1571 924 existimans

425 959 524 1022 etiam
546 953 615 1020 sine
637 957 763 1021 insidiis
786 979 911 1040 semper
933 961 967 1021 et
987 958 1105 1040 ubique
1127 961 1160 1021 et
1182 958 1256 1021 ubi²
1277 959 1379 1036 libeat
1391 961 1571 1045 ‚neglcgen-

424 1063 490 1123 tem
513 1058 676 1122 hominem
698 1058 733 1121 in
748 1059 881 1141 proclivi
903 1059 972 1122 fore
993 1059 1125 1122 fallere:
1148 1060 1299 1123 adversus
1315 1060 1481 1146 diligentis
1498 1084 1571 1126 vero

425 1164 457 1224 et
481 1161 727 1243 circumspectos
750 1164 782 1223 et
809 1160 1019 1224 exsultantis³
1047 1161 1160 1243 opibus
1186 1160 1315 1224 fraudes
1344 1166 1377 1225 et
1405 1163 1569 1247 captiones

425 1265 457 1326 et
479 1261 615 1325 insidiae
637 1264 804 1345 parantur.
850 1262 901 1324 Ita
923 1262 1023 1324 ferme
1047 1261 1255 1345 neglegentia
1278 1266 1463 1347 contemptu
1486 1267 1569 1329 tuta-

425 1365 506 1446 tnr⁴‚
532 1364 701 1448 diligentia
724 1366 797 1426 astu
820 1365 1056 1447 oppugnatur³.

509 1466 554 1529 Et
576 1465 689 1528 erratis
713 1464 921 1548 neglegentia
943 1465 1037 1527 venia
1054 1464 1197 1546 paratior
1212 1464 1306 1527 datur
1320 1468 1354 1528 et
1371 1467 1570 1531 benefactis⁵

424 1567 558 1652 gratiis6
581 1567 687 1650 gratia
710 1565 855 1628 habetur.
894 1564 979 1628 Nam
1001 1567 1129 1647 praeter
1151 1565 1334 1648 opinionem
1357 1570 1485 1650 gratu'm
1509 1571 1567 1650 est,

425 1673 603 1733 ceterarum
631 1688 736 1730 rerum
764 1666 989 1750 indiligentem
1015 1665 1225 1742 benefacere
1252 1667 1456 1751 intempore
1484 1668 1569 1733 haud

423 1768 614 1854 neglexisse.

507 1870 577 1932 lam
592 1869 671 1932 illud
695 1890 714 1931 a
735 1870 838 1952 poetis
861 1870 1026 1933 saeculum
1049 1890 1181 1932 aureum
1202 1872 1422 1952 memoratum,
1447 1872 1474 1934 si
1497 1892 1569 1935 cum

424 1972 532 2035 animo
555 1974 693 2054 reputes
717 1971 887 2055 intellegas
910 1970 1137 2054 neglegentiae
1160 1970 1322 2033 saeculum
1342 1971 1473 2054 fuisseb,
1498 1993 1570 2035 cum

424 2094 501 2157 ager
522 2071 736 2156 negl⁷leetus
764 2072 889 2135 fruetus
917 2072 1030 2135 uberes
1058 2072 1171 2153 ferret,
1202 2072 1371 2155 omniaque
1397 2056 1570 2136 utensilia⁸

422 2173 670 2257 neglegentibus
697 2172 786 2237 nullo
813 2174 945 2256 negotio
974 2173 1203 2256 suppeditaret.
1249 2171 1347 2236 Hisce
1369 2173 1569 2257 argumentis

422 2275 632 2359 neglegentia
652 2275 737 2338 bono
761 2296 878 2358 genere
901 2278 989 2356 nata,
1015 2275 1083 2336 dis⁹
1099 2277 1243 2356 accepta,
1273 2274 1472 2356 sapientibus
1497 2296 1569 2357 pro·

422 2377 509 2460 bata,
533 2376 687 2440 virtutum
714 2377 887 2459 particeps
917 2375 1137 2459 indulgentiae
1158 2375 1325 2458 magistra,
1353 2378 1424 2438 tuta
1453 2375 1494 2438 ab
1521 2375 1569 2438 in-

421 2478 521 2561 sidia,
547 2482 703 2562 grataque
725 2478 807 2541 bene
829 2478 935 2559 sautia,
965 2480 1117 2541 excusata
1136 2476 1309 2560 ingratis¹0
1333 2479 1365 2540 et
1387 2477 1427 2539 ad
1448 2479 1569 2559 postre·
1623 2536 1627 2538 .
1714 2484 1719 2489 ’

422 2602 509 2643 mum
525 2600 620 2642 aurea
637 2579 827 2642 declaratur.
858 2580 998 2643 Mallel¹¹
1016 2579 1054 2641 de
1070 2577 1252 2641 Favorini¹²
1268 2578 1370 2640 nostri
1393 2578 1569 2661 pigmentis

421 2682 488 2745 fuci
511 2681 658 2764 quisnam
682 2679 948 2765 appingeremus?
970 2680 1071 2743 Licet.
1096 2678 1142 2743 Ut
1164 2700 1307 2762 quaeque
1328 2679 1443 2742 mulier
1462 2679 1569 2762 magis

421 2783 505 2846 facie
526 2783 611 2846 freta
633 2785 691 2863 est,
714 2782 761 2844 ita
782 2781 910 2844 facilius
934 2785 1040 2844 cutem
1062 2784 1094 2843 et
1117 2779 1268 2862 capillum
1289 2780 1479 2864 neglegere,
1493 2780 1568 2867 ple-

421 2873 528 2967 risque
551 2886 669 2965 autem,
694 2886 730 2945 ut
752 2903 820 2946 sese
836 2903 1033 2965 magnopere
1050 2884 1216 2963 exornent,
1241 2881 1423 2945 diffidentia
1445 2881 1567 2944 formae

421 2985 610 3069 diligentiae
632 2984 810 3048 inlecebras
835 2985 964 3047 creari0.

507 3173 524 3210 a
541 3160 575 3208 In
593 3159 717 3220 ororpine:
736 3152 931 3220 Negligentiae
950 3121 1119 3218 contemptu¹
1130 3181 1162 3188 -
1181 3151 1368 3218 oppugnatur.
1424 3221 1428 3225 .

506 3241 524 3292 b
543 3244 576 3292 In
594 3244 719 3307 rizarpine:
739 3236 886 3290 Saeculum
907 3236 977 3288 illud
995 3252 1110 3288 aureum
1132 3235 1272 3287 saeculum
1289 3233 1486 3301 neglegentiae
1505 3233 1565 3287 fuit.

507 3341 521 3377 c
540 3329 573 3376 In
591 3328 716 3390 rumpite:
735 3321 898 3374 Diffidenti'a
920 3320 1026 3373 formae
1044 3318 1206 3386 diligentiae
1224 3317 1394 3372 inlecebram
1412 3316 1508 3371 creari.
1579 3328 1581 3330 ’

420 3424 624 3434 -—-—-—·-——

508 3461 572 3514 lIn
604 3458 705 3513 Codice
733 3459 776 3510 est
803 3454 1007 3524 dittographia:
1052 3458 1232 3521 neglegentiam
1265 3459 1344 3520 mepte
1375 3458 1497 3520 perieulis
1525 3457 1567 3507 ob-

421 3553 525 3602 noxiam
543 3565 599 3600 esse
617 3562 723 3612 neceque
740 3546 920 3609 neglegentiae.

506 3631 599 3684 'llmo
618 3633 664 3682 uli.
700 3631 874 3693 Heindorfius.
1005 3674 1007 3677 .

506 3713 714 3782 tsschopenus:
745 3713 907 3772 escaticum,
937 3709 998 3761 coll.
1025 3707 1127 3762 Lucan.
1153 3707 1198 3760 [Χ.
1225 3713 1274 3763 909
1298 3708 1326 3760 et
1347 3705 1502 3760 Markland.
1531 3706 1567 3759 ad

322 3849 324 3856 .
421 3797 674 3854 Stat.sflv.11.r.
696 3800 751 3848 130.

506 3889 523 3936 4
539 3881 733 3936 Berolinenses
751 3878 867 3932 laudant
884 3877 955 3931 Non.
976 3883 999 3931 7.
1019 3883 1052 3931 70
1069 3895 1096 3946 p.
1116 3881 1165 3931 476
1183 3876 1211 3929 in
1229 3895 1254 3930 v.
1275 3886 1367 3930 tectum.
1442 3940 1448 3947 .

507 3975 522 4022 5
542 3966 647 4021 Codex:
670 3968 786 4030 defectis.

507 4058 523 4105 6
542 4050 581 4105 Cf.
600 4050 691 4103 Bentl.
711 4048 748 4101 ad
760 4046 872 4100 Terent.
885 4046 1004 4115 Adelph.
1016 4045 1062 4098 IV.
1075 4052 1099 4099 7.
1113 4051 1154 4098 26.
1180 4048 1369 4098 Berolinenses.
1393 4041 1573 4096 Eokstcinius‘

423 4137 502 4194 addit
510 4135 625 4190 Ritschl.
633 4133 743 4200 Proleg.
757 4131 847 4185 Plaut.
859 4130 934 4184 Trin.
948 4148 975 4198 p.
984 4129 1072 4183 CLXI.
1087 4128 1334 4195 VerumHauptius
1343 4126 1450 4180 mavult
1457 4132 1566 4193 φατέον.

508 4228 522 4275 7
540 4218 641 4288 lncipit
659 4215 725 4270 Cod.
744 4233 771 4284 p.
792 4221 873 4269 aas„

507 4312 523 4360 8
541 4303 646 4358 Codex:
665 4312 738 4354 utens
755 4306 805 4353 ille.

507 4397 522 4444 9
541 4387 609 4442 eod.
628 4405 670 4455 pr.
689 4403 725 4437 m.
744 4390 808 4438 deis.

493 4481 523 4528 10
542 4470 669 4527 Correxit
688 4475 782 4523 erratis
799 4468 994 4522 Buttmannus.

494 4565 522 4612 11
542 4557 632 4611 Aliter
650 4553 790 4623 supplevit
807 4552 906 4618 Maius,
925 4552 974 4606 sed
991 4550 1083 4619 spatia
1101 4550 1130 4604 et
1141 4547 1260 4616 vestigia
1277 4563 1332 4599 non
1351 4546 1529 4615 respondent.

493 4648 523 4694 12
541 4642 614 4695 Num
632 4637 785 4692 Favorinus
796 4636 944 4691 Frontonis
961 4634 1105 4689 familiaris
1122 4634 1232 4687 ἀδόξων
1250 4632 1377 4700 scriptor,
1396 4631 1466 4685 Gell.
1479 4631 1563 4685 XXII.
1613 4683 1614 4686 ,

424 4733 474 4782 129
508 4727 552 4778 An
569 4725 668 4793 potius
681 4721 780 4790 aliquis
798 4720 1017 4790 pigmentarius?
1053 4723 1148 4773 Maias.
1184 4716 1247 4773 Vid.
1264 4715 1413 4770 Marrasius
1431 4733 1458 4784 p.
1478 4721 1541 4768 42.-
