4142 5659
652 653 702 709 AD
720 654 757 709 M.
772 650 964 708 CAESAREM
981 651 1028 706 ET
1047 648 1200 705 INVICEM
1216 649 1324 704 LIBER
1341 649 1374 703 V.
1547 651 1587 717 87

729 823 924 892 XXXVII.
948 824 1004 889 52.
1037 822 1188 888 Domino
1210 820 1298 886 Meo.
1396 892 1402 911 ⁸

525 947 675 1010 Aridelus
697 947 768 1028 iste,
793 945 848 1029 qui
869 945 929 1008 tibi
951 944 1076 1007 litteras
1098 964 1185 1006 meas
1207 941 1321 1024 reddit,
1347 943 1518 1025 apueritia
1535 966 1586 1007 me

441 1048 565 1112 curavit
593 1071 611 1112 a
642 1048 747 1112 studio
774 1048 939 1131 perdicum
968 1068 1067 1129 usque
1098 1045 1138 1107 ad
1165 1045 1248 1108 seria
1275 1043 1391 1133 officia.
1436 1045 1585 1109 Libertus

438 1153 545 1214 vester
567 1153 631 1233 est3
654 1150 857 1233 procuravit¹
880 1149 970 1213 vobis
992 1147 1165 1228 industrie3
1195 1149 1244 1209 est
1272 1145 1358 1209 enim
1380 1145 1475 1210 homo
1495 1148 1584 1232 frugi

439 1255 472 1315 et
494 1252 617 1316 sobrius
641 1256 673 1316 et
696 1273 776 1315 acer.
790 1253 823 1314 et
845 1251 992 1334 diligens
1037 1248 1125 1312 Petit
1151 1270 1239 1312 nunc
1260 1249 1517 1330 procurationem
1545 1272 1583 1313 ex

438 1355 560 1417 forma²
583 1370 645 1418 suo
661 1353 731 1418 loco
757 1375 795 1417 ac
816 1353 901 1416 iusto
923 1355 1076 1434 tempore.
1122 1349 1240 1413 Faveto
1263 1350 1303 1432 ei,
1327 1348 1475 1433 Domine,
1499 1354 1583 1435 quod

437 1456 567 1538 poteris.
613 1455 646 1520 Si
668 1456 806 1519 formam
833 1476 900 1519 non
929 1473 1102 1538 cognosces
1129 1451 1279 1534 hominis,
1301 1451 1369 1520 *ubi
1398 1453 1439 1516 ad
1465 1475 1582 1518 nomen

438 1557 561 1620 Arideli
590 1560 721 1621 ventum
747 1557 856 1638 fuerit,
890 1558 1052 1620 memento
1085 1553 1123 1617 a³
1152 1576 1202 1618 me
1227 1554 1287 1617 tibi
1310 1553 1476 1618 Aridelum
1499 1577 1581 1620 com-

437 1659 632 1722 mendatum.
677 1658 758 1723 Vale
780 1657 918 1721 Domine
940 1657 1132 1721 dulcissime.
1177 1655 1349 1719 Dominam
1371 1657 1484 1720 saluta.

713 1809 929 1877 XXXVIII.
951 1809 1008 1875 53.
1042 1810 1193 1875 Domino
1215 1804 1303 1874 Meo.

519 1929 637 1994 Utrum
659 1930 739 1994 facti
761 1930 862 2007 virtus
890 1930 1052 1993 ornaverit
1080 1930 1273 2010 orationem,
1305 1952 1347 1992 an
1364 1928 1387 2013 t⁴
1403 1930 1505 1993 oratio
1532 1930 1579 1993 fa-

435 2035 522 2095 ctum
536 2032 771 2095 nobilissimum
787 2032 1051 2116 aequiperaverit‚
1064 2032 1206 2094 incertus
1222 2043 1327 2093 summ
1351 2034 1436 2094 certe
1451 2031 1579 2115 quidem

434 2134 574 2197 eiusdem
600 2134 696 2216 dicta,
722 2136 811 2198 cuius
833 2133 889 2196 illa
909 2134 1007 2198 facta.
1054 2132 1116 2197 Sed
1144 2135 1177 2195 et
1197 2132 1308 2195 fratris
1329 2133 1378 2196 tui
1400 2133 1502 2195 oratio
1527 2156 1578 2197 me

433 2235 621 2299 delectavit:
649 2227 729 2299 nam
754 2239 787 2299 et
814 2239 929 2299 ornata
950 2235 1015 2297 fuit
1037 2237 1070 2298 et
1092 2233 1236 2297 cordata:
1265 2237 1298 2297 et
1326 2237 1448 2298 eertum
1474 2234 1577 2317 habeo

432 2358 511 2402 eum,
525 2337 693 2401 minimum
716 2338 811 2421 spatii
834 2335 983 2401 habuisse
1007 2336 1047 2399 ad
1068 2335 1297 2399 meditandum.

733 2488 912 2556 XXXIX.
935 2489 992 2555 54.
1023 2488 1267 2571 Rescriptum.

513 2609 672 2673 Reversus
695 2633 714 2673 a
737 2609 882 2673 convivio
904 2609 1005 2693 patris
1027 2609 1172 2672 libellum
1193 2611 1285 2672 tuum
1301 2611 1420 2693 accepi,
1445 2611 1574 2674 dimisso

428 2711 503 2793 iam,
527 2714 565 2774 ut
588 2733 756 2796 cognosco,
781 2733 818 2775 eo
840 2733 897 2794 per
919 2733 1013 2795 quem
1034 2712 1142 2774 fuerat
1163 2710 1289 2774 allatus.
1334 2710 1489 2774 Rescribo
1514 2713 1574 2796 igi-

426 2815 481 2875 tur
514 2834 645 2897 vespera
673 2814 774 2877 multa
807 2813 891 2896 quod
923 2816 959 2876 tu
986 2813 1076 2898 legas
1105 2813 1156 2876 die
1190 2814 1341 2882 crastino.
1386 2813 1573 2878 Orationem

356 2973 361 2981 .
426 2915 528 2998 patris
543 2916 607 2979 mei
622 2938 734 2998 parem
749 2917 902 2979 materiae
918 2938 993 2979 suae
1009 2915 1111 2979 visam
1125 2916 1196 2997 tibi,
1217 2914 1300 2978 nihil
1314 2916 1431 2979 mirum
1446 2920 1504 2998 est,
1528 2920 1572 2982 mi

425 3017 590 3100 magister.
635 3017 758 3080 Fratris
781 3019 889 3080 autem
914 3016 995 3080 mihi
1017 3017 1196 3101 gratiarmn
1218 3017 1303 3080 actio
1326 3040 1362 3080 eo
1384 3019 1572 3083 laudavilior

425 3121 484 3201 est,
512 3119 704 3202 quominus
728 3119 767 3183 ad
789 3119 1020 3202 meditandum,
1044 3123 1081 3183 ut
1104 3119 1296 3201 coniectas5,
1326 3120 1440 3183 habuit
1461 3122 1568 3204 spatii.

423 3220 506 3285 Vale
528 3222 572 3285 mi
595 3222 823 3286 iucundissime
845 3221 925 3285 mihi
947 3221 1110 3306 magister.
1145 3209 1342 3286 Matermea
1364 3225 1396 3285 te
1418 3223 1547 3287 salutat.

765 3374 843 3442 XL.
866 3373 923 3441 55.
953 3373 1106 3440 Domino
1128 3375 1216 3441 Meo.

510 3492 645 3558 Cholera
677 3517 775 3578 usque
810 3516 847 3558 eo
879 3494 1025 3558 adflictus
1059 3517 1139 3577 sum,
1174 3499 1210 3558 ut
1237 3516 1347 3580 vocem
1376 3497 1566 3582 amitterem,

400 3595 637 3681 ‚singultirem
662 3597 799 3679 suspirio
822 3600 891 3660 tum
908 3617 1020 3680 agerer
1029 3597 1052 3679 ⁰,
1076 3600 1237 3679 postremo
1259 3620 1359 3662 venae
1382 3599 1565 3683 deficerent,

497 3764 524 3800 ,a
543 3751 575 3800 In
593 3753 719 3817 nrorpine:
738 3748 838 3802 Utrum
855 3747 923 3802 facti
941 3779 974 3786 —
991 3748 1113 3802 incertus
1131 3766 1199 3801 sum.

510 3892 523 3934 1
543 3884 586 3936 An
604 3883 697 3953 potius
715 3883 862 3951 dicendum
876 3888 1047 3953 procurabit?
1077 3889 1171 3937 Maiae.

475 4021 477 4028 ,
505 3967 605 4022 acod.
624 3986 670 4037 pr.
686 3987 722 4022 m.
743 3989 774 4022 ea
792 3989 869 4023 ormo.
914 3968 1003 4022 Maius
1022 3971 1131 4023 confert
1149 3969 1215 4024 Cod.
1235 3971 1329 4024 lustin.
1348 3973 1369 4038 I,
1382 3979 1405 4025 2.
1419 3979 1459 4028 20.
1500 3975 1566 4028 Mox

417 4051 513 4124 Codex
530 4071 573 4122 pr.
592 4072 628 4106 m.
648 4060 689 4107 ico
707 4071 758 4122 pro
778 4060 851 4107 iusto.
1284 4054 1285 4058 ’

503 4144 519 4191 3
537 4137 654 4191 Addidit
670 4138 907 4207 praepositionem
924 4138 1021 4192 Maius.

501 4221 637 4291 41ncipit
659 4222 725 4276 Cod.
753 4222 843 4276 Vatic.
867 4241 895 4292 p.
911 4230 966 4277 103.
1011 4223 1148 4292 Loquitur
1170 4225 1274 4278 Fronto
1301 4226 1335 4278 de
1364 4227 1489 4282 oratione
1511 4230 1561 4285 Pii.

413 4305 532 4358 Factum
550 4307 643 4360 antem
662 4305 730 4359 iliud
747 4307 950 4361 nobilissimum
961 4307 1004 4361 Pii
1021 4307 1074 4361 fuit
1093 4325 1161 4376 erga
1172 4309 1203 4362 L.
1214 4309 1326 4375 Verum,
1344 4309 1401 4363 sive
1420 4328 1482 4365 cum
1500 4331 1563 4368 eum

412 4390 575 4468 praetorem
593 4391 667 4457 fecit,
685 4391 741 4445 sive
761 4408 823 4444 cum
842 4392 988 4445 consulem.
1016 4392 1093 4460 Lege
1112 4392 1229 4461 Capitol.
1248 4393 1278 4446 in
1286 4393 1360 4447 Vero
1379 4412 1401 4448 c.
1413 4403 1437 4449 3.
1465 4403 1561 4454 Maior.

413 4474 504 4529 Credo
524 4493 586 4528 cum
604 4482 701 4544 togam
718 4474 827 4530 virilem
845 4477 974 4543 sumeret,
993 4493 1059 4530 nam
1071 4478 1188 4545 uterque
1203 4477 1237 4531 de
1249 4478 1323 4531 Vero
1341 4478 1464 4547 loquitur
1483 4485 1561 4550 quasi

412 4559 448 4612 de
466 4560 593 4628 puerulo.
633 4574 635 4579 ’
1294 4560 1301 4574 ”

499 4650 514 4697 5
533 4643 626 4698 Codex
644 4662 686 4713 pr.
706 4662 742 4697 m.
762 4651 874 4710 coiectas
892 4646 921 4699 et
938 4662 1002 4699 rrox
1021 4647 1045 4696 m
1063 4662 1115 4714 pro
1133 4651 1198 4699 milu'.
1433 4706 1441 4715 ,

497 4733 513 4781 6
531 4728 671 4784 Emendat
689 4728 861 4798 Schopenus:
881 4750 999 4798 eriperer,
1019 4731 1079 4784 coll.
1100 4731 1220 4786 Gronov.
1241 4733 1278 4788 ad
1295 4733 1404 4787 Livium
1421 4735 1454 4803 V,
1466 4743 1507 4792 48.
