4142 5659
520 674 569 727 AD
587 671 715 727 VERUM
731 671 852 727 IMPER.
871 671 1060 726 AURELIUM
1077 671 1269 726 CAESAREM
1285 671 1393 726 LIBER
1411 673 1430 725 l.
1515 672 1576 738 113

799 1113 869 1196 (Μ.
891 1117 1210 1198 FRONTONIS

505 1283 844 1358 EPISTULARUM
869 1285 935 1356 AD
962 1284 1131 1357 VERUM
1151 1284 1500 1397 'urraaaroaan

608 1416 611 1423 '
742 1403 993 1476 AURELIUM
1019 1402 1273 1476 CAESAREM

868 1568 1138 1653 tirnaio

850 1788 1017 1877 (Domino
1039 1788 1162 1871 neap

517 1975 523 1988 .
549 1976 555 1988 .
581 1975 587 1987 .
623 1923 683 2007 Sit,
707 1924 791 2008 quod
813 1923 916 2007 iubes,
940 1927 1065 1988 rectum
1086 1925 1224 1987 fortasse
1246 1925 1302 1988 sed
1324 1946 1445 1989 serum:
1474 1948 1578 2010 neque

428 2027 516 2090 enim
531 2025 649 2107 omnia,
673 2046 755 2108 quae
770 2023 854 2088 ratio
876 2024 1030 2110 postulat,
1056 2025 1156 2088 etiam
1172 2020 1260 2089 aetas
1276 2025 1402 2090 tolerat.
1418 2066 1461 2077 —
1475 2028 1531 2091 An
1542 2031 1578 2090 tu

429 2149 566 2210 cycnum
590 2147 684 2211 coges
706 2127 742 2190 in
762 2126 876 2189 ultima
892 2127 1042 2189 cantione
1059 2127 1222 2190 cornicum
1237 2127 1366 2190 voculas
1382 2128 1577 2192 aemulari?²

548 2279 554 2291 .
580 2279 586 2291 .
612 2278 618 2291 .
668 2228 797 2311 ingenio
830 2227 1028 2311 discrepanti
1065 2228 1233 2292 iuberesne
1271 2250 1322 2291 me
1367 2230 1429 2292 niti
1465 2233 1577 2293 contra
1657 2301 1658 2305 η

427 2332 588 2410 naturam,
614 2328 744 2392 adverso
768 2329 852 2411 quod
874 2329 966 2392 aiunt
988 2327 1163 2393 flumine3?
1207 2328 1299 2412 Quid,
1327 2329 1354 2392 si
1376 2331 1447 2413 quis
1469 2333 1577 2414 postu-

426 2431 520 2512 laret,
544 2433 581 2493 ut
601 2428 753 2523 Phidias⁸
774 2430 898 2494 ludicra
926 2432 983 2493 aut
1005 2428 1175 2494 Canachus
1203 2431 1297 2494 deum
1324 2430 1496 2494 simulacra
1517 2431 1577 2493 fin-

427 2529 545 2616 geret?
578 2534 634 2593 aut
657 2529 795 2595 Calamis
817 2530 965 2595 Turena4
988 2536 1044 2595 aut
1065 2533 1269 2615 Polycletus⁵
1290 2531 1451 2596 Etrusca?
1495 2530 1577 2606 Quid

427 2633 455 2696 si
477 2631 706 2696 Parrhasium6
728 2631 919 2696 versicolora
940 2634 1076 2719 pingere
1098 2634 1239 2718 iuberet,
1270 2636 1326 2697 aut
1347 2632 1485 2716 Apellen
1506 2633 1576 2696 uni·

428 2735 545 2817 colora,
570 2737 626 2797 aut
647 2733 792 2798 Nealcen
814 2735 997 2818 magnifica,
1030 2739 1086 2799 aut
1107 2734 1226 2800 Nician
1248 2736 1393 2818 obscura,
1424 2738 1480 2798 aut
1501 2734 1576 2798 Dio-

425 2836 557 2919 nysium
584 2835 751 2917 inlustria,
788 2837 844 2897 aut
872 2834 1023 2900 lascivia⁷
1051 2835 1313 2920 Euphranorem,
1348 2840 1404 2899 aut
1425 2835 1576 2898 Pausiam

372 2925 375 2933 ¹
428 2934 645 3024 [plroelllia‘l8
693 2936 734 2999 In
761 2936 886 3019 poetisb
915 2939 1023 3000 autem
1051 2937 1122 3021 quis
1151 2937 1283 3021 ignorat
1309 2941 1346 3001 ut
1373 2936 1504 3021 gracilis
1533 2937 1576 3000 sit

485 3057 630 3066 ---—·-n-

513 3123 530 3160 a
548 3110 582 3159 ln
599 3111 724 3173 marpine:
744 3102 797 3168 oui
812 3103 949 3158 artificum
968 3105 1035 3171 quid
1052 3104 1150 3158 melius
1173 3104 1275 3173 singuli
1291 3104 1416 3158 fecerint.
1453 3104 1576 3158 Fictores

424 3190 536 3244 nobiles
554 3189 668 3243 Phidias
687 3200 736 3242 etc.

512 3275 531 3328 b
549 3278 584 3327 In
601 3279 726 3342 carpine:
746 3270 818 3336 Quid
836 3271 938 3343 singuli
955 3274 1058 3342 poetae
1075 3273 1221 3342 proprium
1237 3273 1352 3328 habent.

514 3449 526 3496 1
546 3442 660 3511 Ambigi
676 3444 771 3512 potest
789 3443 823 3496 de
841 3442 906 3496 sede
924 3442 1006 3496 huius
1024 3443 1183 3511 fragmenti,
1203 3442 1278 3509 quod
1295 3441 1443 3510 legebatur
1455 3445 1579 3508 quatuor

424 3527 567 3599 prioribus
584 3526 695 3596 paginis
713 3525 821 3581 Codicis
838 3525 976 3580 Vaticani.
1012 3526 1150 3595 Equidem
1167 3526 1196 3579 in
1213 3525 1321 3580 incerta
1338 3542 1368 3579 re
1387 3527 1496 3580 secutus
1513 3544 1574 3579 sum

425 3612 616 3668 coniecturam
632 3610 701 3664 Maii
717 3611 794 3664 haud
810 3609 1034 3679 improbabilem.

512 3703 528 3749 2
545 3695 670 3764 Utraque
690 3695 828 3749 sententia
847 3711 864 3747 a
880 3694 955 3748 Maio
974 3694 1113 3764 exscripta
1130 3712 1145 3749 e
1164 3696 1290 3764 margine
1307 3712 1373 3764 pag.
1383 3701 1407 3761 2,
1425 3711 1491 3748 nam
1507 3696 1575 3748 tunc

423 3783 483 3835 iam
501 3780 576 3833 totus
595 3780 738 3833 contextus
757 3779 935 3832 oblitteratus
954 3780 1022 3832 erat.
1051 3778 1152 3849 Incipit
1169 3780 1321 3849 posthaec
1338 3785 1403 3849 p.1.
1433 3829 1435 3832 ,

511 3863 578 3919 3In
595 3863 730 3932 margine,
750 3862 799 3915 ubi
816 3862 955 3918 sententia
972 3862 1116 3931 repetitur,
1135 3863 1251 3932 legitur:
1270 3869 1401 3918 iuberesne
1419 3884 1456 3918 me
1474 3869 1573 3934 inperito

424 3955 598 4016 discrepante.
634 3952 730 4002 Maius.
1382 3946 1384 3950 ’

510 4038 526 4085 4
544 4031 611 4087 eod.
631 4049 685 4087 sec.
705 4049 741 4086 rn.
760 4040 856 4086 surina

510 4122 526 4170 t
543 4115 577 4169 In
593 4116 720 4185 margine
739 4122 886 4186 Polyclitus.

511 4200 577 4252 6111
594 4199 720 4270 margine
739 4200 797 4254 sine
815 4206 838 4255 Ιι.
876 4248 878 4251 .

511 4290 526 4337 7
544 4284 588 4337 Ita
606 4283 707 4339 Codex.
722 4278 723 4281 '

510 4373 526 4422 8
545 4367 625 4423 Caria
644 4386 726 4423 exesa
744 4371 786 4422 est
804 4370 864 4422 tum
881 4369 936 4422 hoc
947 4373 1009 4422 tum
1020 4369 1082 4422 aliis
1093 4368 1162 4422 locis
1174 4367 1338 4422 membrana
1349 4366 1429 4420 huius
1440 4366 1570 4435 paginae.

424 4452 462 4506 Et
485 4452 599 4521 quidem
620 4452 684 4506 heic
708 4454 829 4521 quatuor
847 4454 896 4507 aut
923 4452 1045 4522 quinque
1072 4452 1183 4507 litteiae
1211 4451 1327 4506 amissae
1354 4450 1522 4504 videbantur
1543 4449 1572 4502 in

425 4538 533 4603 lacuna,
554 4537 669 4606 praeter
686 4537 806 4592 incertas
829 4537 897 4591 duas
915 4554 985 4605 quas
1002 4537 1080 4591 uncis
1097 4536 1202 4591 inclusi.
1239 4534 1342 4605 Scripsi
1360 4537 1455 4590 autem
1470 4541 1572 4603 proelia

426 4621 541 4690 propter
557 4619 748 4690 Euphranoris
769 4621 896 4676 tabulam
917 4620 1018 4691 proelii
1041 4621 1189 4690 equestris,
1216 4637 1300 4688 quam
1323 4620 1446 4674 celebrat
1469 4618 1572 4673 Plinius

426 4704 534 4759 XXXV.
555 4710 594 4759 11.
614 4723 677 4760 cum
692 4707 830 4761 Pausania
847 4708 868 4760 l.
882 4714 906 4762 3.
942 4712 1038 4761 Maius.

465 4826 564 4862 FBONT.
577 4828 613 4862 ET
626 4828 727 4866 AUBEL.
741 4828 830 4862 nmsr.
1350 4793 1368 4854 8
