4142 5659
481 679 544 743 216
734 675 770 730 M.
791 673 961 730 CORNELII
978 671 1186 726 FRONTONIS
1204 671 1382 725 EPISTULA

567 848 709 931 Myrtum
731 846 913 927 buxumque
937 846 1104 927 ceteraque
1132 842 1264 906 tonsilia
1293 843 1425 907 arbusta
1447 847 1545 928 atque
1568 844 1630 907 vir-

483 949 726 1039 gulta‘summa
754 944 924 1029 diligentia
953 948 985 1007 et
1013 943 1119 1007 studio
1146 943 1234 1026 radi,
1263 945 1380 1029 rigari,
1411 945 1493 1009 comi
1523 946 1630 1028 solita,

483 1049 572 1112 humi
602 1051 729 1137 reptare
752 1049 809 1110 aut
835 1046 953 1109 ibidem
980 1044 1067 1108 haud
1096 1045 1208 1128 procul
1236 1068 1254 1108 a
1282 1046 1349 1109 solo
1378 1047 1548 1111 cacumina
1572 1047 1631 1110 eri-

484 1173 575 1235 gere:
616 1153 650 1213 at
684 1140 755 1220 illas
792 1149 939 1211 intonsas
972 1147 1094 1210 abietes
1127 1146 1355 1231 neglectasque
1392 1149 1500 1231 piceas
1535 1151 1633 1232 capnt

485 1251 645 1316 aemulum
667 1250 806 1313 nubibus
829 1248 994 1312 addere¹⁸.
1477 1315 1480 1319 ,

569 1351 643 1415 Non
667 1373 765 1435 aeque
788 1351 959 1434 diligentes
982 1350 1022 1412 ad
1045 1349 1262 1433 quaerendum
1288 1351 1408 1414 victum
1431 1355 1463 1415 et
1487 1373 1631 1435 compar-

486 1454 621 1519 cendum
644 1453 749 1517 cibum
771 1453 879 1515 leones
906 1453 943 1513 ut
964 1451 1114 1514 formicas
1137 1473 1222 1533 esse,
1246 1452 1376 1515 texendi
1398 1475 1473 1516 vero
1496 1475 1633 1516 araneas

485 1555 704 1639 diligentiores
727 1575 797 1617 esse
825 1574 920 1635 quam
942 1551 1138 1636 Penelopam
1163 1552 1263 1616 ullam
1285 1553 1335 1616 vel
1358 1553 1631 1618 Andromacham.

485 1657 530 1720 Et
552 1656 684 1719 omnino
701 1655 852 1731 tenuibus
874 1653 1014 1737 ingeniis
1031 1658 1063 1717 et
1087 1702 1328 1718 ........
1354 1690 1362 1718 .
1388 1705 1632 1720 ........

488 1805 734 1822 ........
745 1756 866 1840 l²..
902 1754 1147 1838 hoc..quas
1183 1805 1223 1818 ..
1258 1777 1338 1819 neve
1371 1757 1411 1819 ob
1447 1806 1487 1819 ..
1521 1760 1634 1820 etro-

486 1859 623 1922 lrmtaris
650 1849 733 1940 quod
761 1857 810 1920 vel
837 1857 1047 1940 praecipuum
1073 1878 1148 1919 vero
1171 1908 1177 1920 .
1203 1907 1210 1919 .
1233 1857 1276 1919 tis
1305 1857 1464 1921 amicitias
1495 1907 1501 1920 .
1529 1907 1536 1920 .
1565 1859 1634 1922 dili-

429 2032 432 2040 ,
486 1960 632 2043 gentiam
663 1959 824 2022 interdum
855 2005 1633 2022 ........................

820 2061 936 2122 nerent
957 2058 1032 2121 deos
1057 2108 1064 2121 .
1091 2108 1097 2121 .
1123 2058 1174 2122 cui
1202 2080 1252 2122 res
1277 2107 1284 2122 .
1311 2109 1317 2122 .
1342 2081 1409 2122 non
1437 2082 1476 2122 ex
1507 2082 1568 2143 pro
1593 2111 1599 2124 .
1629 2123 1631 2125 ,

487 2184 525 2224 ex
548 2182 599 2224 ser
622 2211 630 2224 .
656 2211 663 2224 .
688 2161 802 2244 Quota,
826 2180 881 2223 oro
903 2163 946 2242 te,
969 2161 1075 2243 portio
1096 2159 1293 2223 Lucullanae
1318 2210 1325 2223 .
1352 2211 1359 2224 .
1385 2159 1522 2225 (laesum
1538 2184 1635 2226 aureo

573 2505 641 2554 ala
659 2505 782 2566 margine:
819 2498 948 2551 Intonsas
972 2497 1080 2551 abietes
1107 2500 1192 2566 caput
1214 2499 1354 2551 aemulum
1377 2497 1498 2552 nubibus
1521 2499 1633 2553 abdere.

488 2585 566 2650 (corr.
586 2603 638 2636 sec.
657 2604 695 2644 na,
715 2603 772 2636 uam
788 2602 831 2650 pr.
850 2603 880 2635 m.
900 2593 927 2634 111
945 2587 1045 2636 videtur
1062 2581 1174 2635 addere.

575 2734 595 2821 1Ι
606 2769 651 2822 Ita
669 2767 769 2822 Codex.
807 2768 847 2821 cf.
867 2785 973 2837 margo.

573 2859 589 2906 ‘2
608 2852 738 2919 Sequitur
755 2871 782 2921 p.
802 2857 864 2918 230,
889 2869 960 2921 quae
979 2851 1035 2920 legi
1053 2852 1158 2919 nequit.
1196 2852 1328 2920 Sequitur
1345 2872 1372 2922 p.
1390 2861 1453 2920 243,
1477 2854 1558 2908 cuius
1574 2873 1635 2909 con-

490 2936 559 2990 ditio
578 2953 633 2990 non
652 2938 694 2991 cst
711 2937 799 2990 multo
818 2937 924 2992 melior.

573 3028 589 3075 3
608 3020 739 3089 Sequitur
757 3020 823 3075 Cod.
843 3039 869 3089 p.
888 3028 946 3079 244.
