4142 5659
510 670 550 736 74
719 669 755 723 Μ.
770 641 940 723 CORNELII
958 668 1165 723 raoNTOle
1184 668 1440 724 EPISTULARUM
1491 716 1494 720 ,

591 839 624 904 si
645 839 788 929 quando¹
814 843 847 903 te
868 861 971 904 somno
993 846 1065 923 leni,
1089 843 1126 903 ut
1147 844 1243 924 poeta
1265 841 1321 923 ait,
1346 846 1532 920 placidoque
1554 849 1654 905 reuin-

504 941 590 1006 clus²
613 942 702 1005 video
724 943 758 1005 in
782 942 912 1024 somnis,
941 965 1118 1026 numquam
1140 946 1189 1006 est
1211 943 1290 1027 quin
1312 942 1489 1025 amplectar
1510 946 1543 1005 et
1565 964 1653 1006 exos-

506 1044 607 1107 culor:
636 1047 705 1106 tum
733 1065 791 1126 pro
815 1046 1004 1127 argumento
1028 1045 1179 1128 cuiusque
1202 1045 1306 1108 somni
1329 1047 1386 1107 aut
1411 1043 1472 1107 fleo
1501 1045 1651 1126 ubertim,

505 1149 561 1210 aut
584 1145 691 1209 exulto
713 1144 838 1209 laetitia
861 1146 967 1229 aliqua
990 1150 1022 1209 et
1044 1147 1218 1229 voluptate.
1263 1146 1334 1210 Hoc
1356 1168 1456 1208 unum
1479 1168 1518 1209 ex
1540 1147 1652 1210 Anna-

504 1248 587 1311 libus
620 1251 784 1330 sumptum
815 1249 931 1310 amoris
964 1249 1027 1312 mei
1064 1252 1290 1332 argumentum
1321 1248 1483 1330 poeticum
1515 1251 1547 1311 et
1574 1271 1652 1311 sane

504 1349 762 1413 somniculosum.
785 1349 906 1432 Accipe
930 1351 1010 1413 aliut
1031 1350 1220 1413 rixatorium
1241 1349 1389 1413 iam'hoc
1412 1353 1445 1412 ct
1463 1350 1651 1433 iurgiosum.

503 1451 754 1534 Nonnumquam
788 1473 848 1535 ego
880 1455 913 1514 te
947 1473 1054 1514 coram
1085 1452 1286 1535 paucissimis
1319 1474 1356 1515 ac
1392 1452 1652 1515 familiarissimis

503 1554 582 1617 meis
605 1553 805 1637 gravioribus
832 1554 938 1616 verbis
967 1554 1134 1617 absent-em
1159 1554 1337 1616 insectatus
1361 1576 1446 1617 sum:
1475 1554 1550 1616 olim
1578 1553 1650 1637 hoc,

406 1720 410 1728 .
504 1677 576 1718 cum
598 1655 741 1718 tristior3
764 1677 860 1736 quam
882 1658 1026 1739 parerat
1048 1655 1083 1718 in
1107 1659 1199 1718 coetu
1220 1654 1387 1718 hominum
1410 1656 1649 1739 progrederere,

502 1744 554 1821 vel
578 1779 649 1820 cum
668 1757 706 1846 in
728 1756 855 1819 theatro
883 1760 919 1819 tu
941 1757 1040 1823 libros
1065 1756 1116 1819 vel
1137 1757 1173 1820 in
1201 1757 1346 1821 convivio
1374 1756 1560 1821 lectitabas:
1590 1780 1652 1821 nec

502 1880 563 1942 ego
590 1859 664 1921 dum
686 1861 723 1920 tu
749 1857 901 1939 theatris,
930 1859 1086 1922 necdum⁴
1116 1859 1280 1941 conviviis,
1311 1859 1523 1922 abstinebam.
1568 1859 1652 1922 Tum

504 1961 604 2044 igitur
626 1963 658 2023 tc
681 1961 795 2023 durum
818 1963 849 2023 et
871 1960 1132 2043 intempestivum
1153 1959 1326 2043 hominem,
1351 1961 1494 2023 odiosum
1512 1961 1536 2044 l⁵
1552 1961 1651 2024 etiam

503 2083 745 2145 nonnumquam
773 2064 822 2124 ira
844 2062 984 2144 percitus
1014 2061 1226 2145 appellabam.
1272 2060 1382 2136 Quodl
1411 2063 1436 2125 si
1468 2062 1538 2146 quis
1569 2063 1651 2126 alius

504 2163 614 2226 eodem
636 2167 668 2226 te
692 2163 835 2226 convicio
859 2163 1008 2226 audiente
1030 2185 1082 2226 me
1105 2164 1308 2245 detrectaret,
1337 2186 1437 2247 aequo
1466 2164 1573 2227 animo
1597 2187 1650 2227 au-

503 2265 570 2328 dire
598 2287 664 2328 non
686 2268 841 2347 poteram.
885 2264 937 2327 lta
961 2265 1039 2327 mihi
1063 2264 1190 2328 facilius
1213 2269 1282 2328 erat
1303 2266 1408 2348 ipsum
1429 2265 1527 2349 loqui,
1554 2288 1651 2349 quam

504 2366 583 2429 alios
605 2368 643 2429 dc
666 2369 698 2430 tc
721 2367 847 2450 sequius
870 2366 946 2449 quid
969 2366 1074 2430 dicere
1096 2367 1236 2450 perpeti:
1258 2367 1305 2429 ita
1325 2369 1362 2429 ut
1377 2366 1524 2429 Gratiam
1545 2389 1651 2430 meam

502 2468 603 2530 filiam
624 2468 752 2531 facilius
774 2468 1069 2550 ipsepercusserim
1085 2490 1181 2551 quam
1202 2468 1242 2530 ab
1259 2468 1321 2531 alio
1337 2469 1462 2550 percuti
1485 2468 1648 2532 viderimff.

502 2569 648 2632 Tertium
669 2569 708 2632 de
731 2569 810 2632 meis
836 2568 998 2631 frivoleis⁷
1031 2569 1155 2633 addam.
1201 2569 1269 2634 Scis
1297 2572 1334 2632 ut
1361 2569 1396 2631 in
1424 2570 1573 2633 omnibus
1601 2592 1649 2633 ar-

503 2671 661 2754 gentariis
678 2670 843 2751 mensulis,
867 2670 1040 2754 perguleis,
1064 2671 1238 2753 taberneis,
1262 2671 1445 2754 protecteis,
1469 2671 1647 2754 vestibulis,

502 2772 670 2853 fenestris,
700 2794 940 2855 usquequaque,
975 2773 1094 2856 ubique
1127 2761 1295 2856 imagines
1309 2775 1433 2836 vestrae
1456 2773 1523 2835 sint
1554 2772 1649 2857 volgo

334 2870 337 2878 ὅ
428 2890 430 2893 ·
502 2873 698 2956 propositae,
734 2873 818 2936 male
850 2873 924 2936 illae
957 2875 1085 2958 quidem
1125 2874 1231 2957 pictae
1263 2874 1433 2957 pleraeque
1468 2877 1500 2937 et
1529 2897 1647 2958 crassa,

502 2975 588 3038 lutea
610 2975 717 3057 immo,
741 2975 888 3039 Minerva
902 2976 997 3040 fictae
1013 2975 1210 3058 scalptaeve3
1234 2997 1306 3039 cum
1320 2976 1450 3039 interim
1472 2998 1649 3060 numquam

500 3080 558 3140 tua
579 3077 687 3160 imago
709 3079 777 3140 tam
799 3076 961 3140 dissimilis
990 3076 1030 3140 ad
1059 3077 1167 3140 oculos
1198 3099 1285 3140 meos
1312 3078 1346 3140 in
1374 3077 1489 3140 itinere
1519 3079 1647 3161 accidit,

501 3183 537 3242 ut
559 3201 625 3243 non
648 3201 686 3242 ex
709 3199 763 3243 ore
784 3201 854 3242 meo
878 3179 1053 3243 excusserit
1074 3178 1191 3242 rictum
1213 3178 1331 3242 osculei
1354 3182 1387 3242 et
1408 3200 1565 3243 somnum.

585 3280 682 3344 Nunc
703 3284 740 3343 ut
761 3281 903 3344 frivoleis
931 3281 1029 3343 finem
1058 3280 1176 3342 faciam
1205 3284 1238 3343 et
1261 3283 1429 3343 convertar
1455 3281 1495 3343 ad
1517 3281 1646 3364 serium,

500 3381 560 3445 hae
588 3382 715 3445 litterae
743 3384 817 3446 tuae
847 3405 919 3446 cum
946 3382 1058 3464 primis
1090 3382 1209 3445 indicio
1236 3381 1316 3444 mihi
1348 3383 1496 3464 fuerunt,
1526 3387 1648 3465 quanto

501 3505 595 3566 opere
617 3486 649 3546 te
672 3483 815 3567 diligam,
847 3506 918 3547 cum
941 3483 1045 3567 magis
1067 3484 1274 3565 perturbatus
1296 3505 1367 3546 sum
1390 3483 1430 3546 ad
1444 3486 1536 3546 tuum
1551 3507 1647 3567 quam

585 3724 653 3774 ala
670 3724 795 3788 margine:
826 3719 943 3773 Facilius
966 3720 1052 3773 filium
1075 3719 1136 3788 quis
1163 3738 1243 3773 suum
1266 3719 1370 3787 caedit,
1401 3737 1485 3788 quam
1507 3721 1586 3774 caedi
1609 3722 1645 3776 ab

500 3804 554 3858 alio
572 3803 685 3873 patitur.

502 3963 704 3972 ——————-

584 4043 717 4097 1Errorc
736 4042 780 4097 bis
799 4043 944 4112 scriptum;
964 4059 1034 4096 corr.
1054 4060 1096 4111 pr.
1116 4060 1152 4095 m.

583 4135 598 4181 2
617 4127 755 4182 Credibile
774 4129 816 4182 est
832 4129 886 4182 hoc
903 4128 1080 4197 desumptum
1099 4142 1157 4180 esse
1176 4143 1209 4180 ex
1226 4126 1375 4182 Annalium
1394 4127 1515 4182 exordio.

583 4221 598 4269 3
618 4214 650 4268 cf.
671 4213 817 4283 Capitolin.
838 4218 891 4266 c.4
909 4214 937 4266 et
956 4219 995 4266 15.
1032 4211 1171 4280 Hauptius
1190 4212 1299 4266 scribit:
1319 4218 1345 4265 ia
1363 4223 1460 4266 coetum
1477 4218 1607 4266 hominum.

581 4304 598 4351 4
616 4303 680 4351 Dum
698 4297 846 4367 superadd.
865 4295 894 4348 in
914 4296 1021 4350 Codice.
1067 4295 1180 4364 Aliquid
1202 4295 1347 4349 turbatum
1369 4296 1564 4350 videturesse.
1600 4299 1645 4350 An

497 4395 547 4437 tum
565 4388 690 4437 theatris?
719 4382 817 4450 ltaque
834 4381 863 4435 in
880 4380 968 4450 Epist.
989 4381 1025 4435 ad
1041 4379 1127 4433 Amic.
1141 4380 1203 4447 II,3
1222 4380 1314 4434 dicere
1326 4381 1431 4450 potuit:
1449 4386 1542 4435 Rasum
1553 4375 1644 4436 'studio

496 4472 646 4522 circensium
664 4478 759 4526 teneor,
780 4465 855 4534 quod
872 4464 977 4519 seilicet
993 4463 1189 4520 intermiserat.

582 4557 598 4606 5
616 4550 716 4620 Incipit
734 4550 800 4606 Cod.
820 4549 883 4605 Vat.
902 4568 930 4618 p.
946 4556 1001 4603 131.

582 4642 598 4689 6
617 4635 722 4690 Codex:
742 4646 809 4705 quot.
1009 4698 1010 4701 Ἴ

582 4727 596 4778 7
614 4719 655 4777 Ex
673 4725 710 4773 eis
726 4719 794 4776 fecit
810 4725 833 4773 is
851 4718 1013 4776 emendator
1030 4718 1060 4774 in
1077 4719 1130 4776 hoc
1148 4722 1177 4778 et
1188 4720 1218 4775 in
1229 4719 1408 4790 sequentibus
1421 4719 1528 4790 aliquot
1539 4721 1641 4776 verbis.
