4142 5659
505 655 567 720 104
715 652 752 706 M.
766 651 936 705 CORNELII
952 649 1161 705 ERCNTONIS
1179 641 1437 703 EPISTULARUM

504 846 608 907 neque
636 823 765 907 vigiliae
793 844 897 906 neque
926 821 1033 903 eibi1,
1048 843 1157 904 ⁸neque
1185 820 1311 884 itineris
1339 823 1397 884 tua
1423 823 1572 904 tempora
1599 820 1655 884 ha-

507 925 624 1009 buisse,
649 924 705 988 sed
726 924 828 1008 patris
850 922 1048 1008 temporibus
1072 921 1229 986 servisse?
1253 972 1260 985 .
1280 973 1286 985 .
1305 971 1337 985 ..

977 1131 1180 1140 -uae--ffl

723 1320 798 1402 (Μ.
822 1302 1090 1402 CORNELII
1119 1317 1441 1399 FRONTONIS

523 1474 860 1550 EPISTULARUM
886 1473 952 1544 AD
979 1471 1269 1545 ANTONINUM
1294 1470 1641 1544 IMPERATOREM

880 1680 894 1687 ,
973 1621 1020 1675 ΕΤ
1040 1619 1193 1674 INVICEM

933 1739 1124 1804 rinna
1159 1739 1223 1825 n.)

894 1908 944 2009 1.‘
959 1943 1146 2030 (Magistro
1168 1943 1272 2027 neo.)

597 2131 737 2146 .....
760 2088 822 2160 lepz'
842 2103 882 2146 ex
906 2078 1047 2166 Coel²lio
1068 2079 1251 2164 paululum,
1281 2084 1314 2144 et
1342 2102 1380 2144 ex
1403 2081 1568 2146 Ciceronis
1590 2104 1660 2145 ora-

508 2186 616 2268 tione,
642 2184 698 2248 sed
720 2183 811 2267 quasi
832 2183 961 2266 furtim,
987 2185 1072 2246 certe
1095 2182 1223 2266 quidem
1244 2182 1379 2266 raptim:
1407 2186 1536 2246 tantum
1553 2185 1663 2248 instat

510 2287 597 2350 aliud
619 2309 657 2350 ex
681 2285 764 2349 alio3
787 2307 951 2367 curarum3
984 2284 1100 2368 quom⁴
1127 2284 1258 2348 interim
1286 2285 1374 2368 quies
1397 2308 1463 2348 una
1484 2286 1603 2350 librum
1625 2287 1661 2351 in

511 2410 625 2452 manus
648 2409 782 2452 sumere.
827 2385 912 2450 Nam
938 2386 1088 2469 parvolae
1115 2390 1245 2451 nostrae
1273 2410 1361 2451 nunc
1390 2391 1469 2470 aput
1489 2387 1662 2451 Matidiam

511 2491 567 2553 in5
589 2490 726 2572 oppido6
748 2488 971 2572 hospitantur:
998 2488 1100 2573 igitur
1120 2507 1254 2570 vespera
1276 2489 1388 2552 adme
1410 2489 1571 2553 ventitare
1594 2512 1662 2554 non

512 2594 648 2674 possunt
674 2593 805 2674 propter
835 2611 931 2653 aurae
958 2590 1109 2674 rigorem.
1153 2589 1235 2653 Vale
1263 2590 1307 2652 mi
1329 2585 1467 2656 Domine
1489 2590 1660 2676 Magister.

514 2691 671 2756 Dominus
694 2713 783 2756 meus
804 2691 906 2754 frater
934 2694 966 2754 et
993 2692 1078 2756 filiae
1109 2714 1180 2755 eum
1207 2678 1274 2755 sua·
1291 2696 1409 2775 matre,
1446 2693 1536 2756 cuius
1563 2695 1662 2778 prae⁷

515 2844 650 2858 ......
675 2794 742 2857 avis
765 2816 803 2860 ex
826 2793 933 2856 animo
954 2793 1014 2857 tibi
1036 2794 1174 2858 salutem
1196 2794 1317 2857 dicunt.

599 2895 695 2959 Mitte
736 2895 815 2959 mihi
853 2895 973 2979 aliquid
1010 2896 1094 2979 quod
1125 2895 1188 2959 tibi
1226 2895 1469 2960 disertissimum
1502 2897 1661 2981 videatur,

600 3099 684 3153 lHic
712 3098 824 3168 explicit
848 3099 954 3168 pagina
976 3098 1058 3152 simul
1084 3116 1146 3152 cum
1169 3099 1350 3167 quaternione
1371 3099 1430 3152 XII.
1475 3100 1508 3153 In
1534 3101 1664 3170 margine

515 3185 609 3238 autem
627 3184 676 3237 ubi
688 3183 825 3254 repetitur
836 3183 920 3250 locus,
938 3182 1102 3253 productior
1115 3182 1205 3237 oratio
1219 3184 1271 3249 est3
1290 3184 1331 3237 Ita
1347 3185 1444 3238 tamen
1461 3186 1494 3237 ut
1510 3184 1553 3238 ibi
1570 3185 1665 3240 desint

513 3269 600 3322 verba
623 3289 703 3338 neque
725 3273 786 3330 citi,
813 3268 900 3322 verba
926 3284 992 3323 vero
1014 3273 1132 3322 tabuisse
1156 3268 1184 3321 et
1206 3274 1316 3323 servisse
1348 3268 1385 3322 ad
1410 3268 1595 3324 indicativum
1618 3271 1665 3326 de·

513 3353 661 3408 flectantur
678 3357 788 3407 habuisti
811 3359 839 3407 et
856 3359 972 3414 serviat·
999 3369 1071 3420 quac
1094 3368 1147 3421 ego
1170 3353 1344 3407 restituenda
1365 3355 1395 3407 in
1413 3353 1541 3408 ordinem
1560 3356 1663 3410 curavi.

516 3442 612 3492 Maius.
648 3438 784 3506 Reliquae
804 3437 938 3506 epistolae
956 3437 1039 3491 huius
1057 3436 1130 3504 libri,
1148 3439 1180 3490 ut
1196 3436 1282 3504 vides,
1299 3437 1472 3493 interienmt.

600 3528 616 3575 2
634 3521 820 3590 Incipit-Cod.
838 3522 966 3575 Ambros.
985 3540 1012 3591 p.
1027 3527 1086 3575 240.
1127 3522 1159 3574 In
1175 3520 1257 3575 huius
1278 3522 1338 3574 folii
1354 3522 1460 3591 pagina
1481 3524 1561 3578 recta
1578 3543 1598 3578 s.
1613 3531 1665 3580 239

513 3607 648 3660 laterculo
672 3605 766 3675 priore
788 3606 880 3660 medio
902 3606 992 3660 Maius
1014 3605 1086 3659 vidit
1107 3606 1205 3660 verba:
1234 3613 1294 3674 lepi,
1314 3613 1454 3670 emendavi,
1483 3625 1556 3676 quae
1578 3609 1665 3664 hodie

514 3707 660 3745 evanuere.
692 3691 767 3760 Ergo
785 3691 826 3745 ibi
844 3691 946 3745 desinit
962 3690 1035 3744 liber
1053 3689 1153 3758 aliquis
1172 3692 1200 3743 et
1217 3690 1315 3760 incipit
1331 3691 1377 3745 hic
1395 3693 1431 3746 ad
1442 3692 1479 3745 M.
1489 3693 1666 3748 Antoninum

512 3777 723 3844 Imperatorem.
751 3775 826 3845 Ergo
844 3777 915 3830 haee
933 3775 1054 3844 epistula
1072 3781 1104 3830 lio
1118 3776 1170 3829 cet.
1190 3776 1232 3828 est
1243 3775 1335 3844 prima
1351 3775 1433 3829 huius
1451 3776 1517 3831 libri
1529 3779 1575 3832 vel
1588 3780 1664 3833 certe

511 3859 604 3929 prima
614 3876 647 3914 ex
655 3859 699 3913 his
709 3876 780 3926 quae
790 3861 847 3929 legi
855 3863 978 3929 possunt.
992 3859 1082 3914 Maius
1091 3860 1203 3914 titulum
1213 3859 1328 3914 addidit.
1344 3859 1473 3914 Ceterum
1486 3862 1608 3916 fueritne
1618 3862 1666 3917 hic

510 3944 583 3999 liber
594 3961 693 4000 revera
705 3945 849 4011 secundus,
861 3962 975 4014 prorsus
987 3945 1124 4000 incertum
1137 3946 1192 4010 est3
1210 3944 1260 3998 sed
1270 3945 1304 3999 de
1317 3961 1351 3999 ea
1363 3961 1393 4002 re
1405 3945 1661 4016 cf.Prolegomcna.

598 4028 738 4084 3Codex:
758 4035 817 4084 ulia.
909 4081 916 4092 ,

598 4120 615 4167 4
633 4110 699 4168 Cod.
720 4130 790 4168 corr.
811 4135 874 4183 qum.

597 4203 613 4252 ὃ
629 4198 692 4253 Duo
710 4199 797 4252 verba
816 4199 941 4253 evanida.
977 4199 1097 4252 Multum
1115 4198 1213 4252 dubito
1231 4217 1267 4253 an
1284 4199 1374 4253 Maius
1392 4200 1468 4253 recte
1486 4200 1597 4269 legerit.
1629 4203 1664 4256 cf.

513 4299 597 4351 supra
614 4301 641 4352 p.
656 4291 697 4338 39.

597 4373 613 4419 6
630 4367 777 4422 Minturnis
799 4369 869 4438 puta
891 4369 940 4422 aut
958 4367 1116 4434 Sinuessae,
1145 4385 1265 4447 namque
1283 4369 1383 4422 horum
1401 4369 1570 4438 oppidorum
1590 4370 1666 4426 dves

512 4451 707 4521 inscriptiones
724 4454 850 4506 fecerunt
866 4451 1000 4508 Matidiae
1019 4453 1095 4521 apud
1112 4452 1191 4507 Grut.
1203 4450 1334 4508 CCLH.9.
1353 4452 1547 4508 MLXXXVR.
1567 4459 1663 4509 Maius.

597 4543 612 4590 7
631 4535 746 4605 Septem
767 4537 855 4590 verba
877 4553 948 4604 quae
966 4536 1139 4606 praecedunt
1160 4536 1244 4591 hodie
1267 4537 1386 4592 evanida
1404 4539 1480 4592 sunt:
1509 4543 1666 4608 sequuntur

513 4622 633 4689 quatuor
650 4621 708 4674 fere
726 4620 813 4675 verba
836 4637 907 4688 quae
930 4639 965 4676 ne
982 4621 1073 4676 Maius
1097 4622 1210 4690 quidem
1231 4622 1326 4691 legere
1349 4622 1450 4692 potuit.
1486 4622 1685 4680 Vocabulum

509 4708 570 4771 tibi,
590 4704 664 4773 quod
681 4703 771 4759 Maius
790 4704 895 4759 uncinis
913 4706 1066 4776 saepserat,
1083 4706 1159 4762 recte
1177 4705 1281 4774 legitur
1298 4706 1327 4760 in
1346 4706 1456 4762 Codice.
