4142 5659
526 676 588 739 258
862 673 898 724 M.
923 671 1091 725 CORNELII
1113 670 1321 725 FRONTONIS
1418 656 1420 665 ⁴

526 867 586 923 ται,
609 847 660 912 καὶ
682 844 726 907 ὼε
749 842 849 907 εἰπεῖν
872 843 1080 921 ἐξορχοῦνται
1102 844 1159 906 τόν
1184 842 1297 919 ἔρωτα.
1343 843 1525 922 (υγγράφει
1547 845 1600 923 δὲ,
1627 843 1673 906 co<

526 968 632 1028 φαειν,
655 946 675 1009 ὁ
698 945 752 1008 coc
775 945 906 1023 έραετὴε
936 944 1071 1023 ἐρωτικά
1093 965 1164 1007 τινα
1186 945 1257 1022 περὶ
1281 949 1339 1007 τοῦ
1362 934 1603 1022 ευγγράμματα,
1627 945 1672 1007 ωε

525 1049 631 1129 τούτῳ
654 1048 691 1123 δὴ
715 1046 845 1123 μάλιετά
868 1067 900 1110 ce
916 1045 1097 1110 δελεάεων1
1115 1047 1165 1109 καὶ
1180 1046 1420 1124 προεαξόμενοε
1443 1047 1494 1108 καὶ
1516 1046 1670 1125 αἱρήεων·

525 1152 563 1214 τά
579 1151 611 1212 o’
627 1149 710 1212 έετιν
733 1147 823 1226 αίεχη
847 1149 897 1210 καὶ
919 1146 1030 1225 ὀνείδη
1054 1149 1106 1211 καὶ
1129 1149 1187 1227 βοή
1210 1168 1256 1211 τι(
1272 1146 1449 1211 ἀκόλαετοε
1465 1146 1525 1210 ὑπ’
1541 1147 1670 1226 οἴετρου
1738 1222 1740 1225 ,

525 1237 791 1330 προπεμπομένη,
815 1250 924 1313 ὁποῖαι
947 1249 1066 1328 θηρίων
1089 1251 1107 1327 ἢ
1130 1249 1355 1328 βοεκημάτωνῖ
1371 1250 1427 1313 ὑπ’
1450 1249 1575 1327 έρωτοε
1598 1256 1670 1329 βρυ-

525 1353 683 1432 χωμένων
705 1353 724 1429 ἢ
747 1351 1020 1431 χρεμετιζόντων3
1043 1353 1060 1429 ἢ
1084 1352 1280 1429 μυκωμένων
1302 1352 1320 1427 ἢ
1342 1351 1553 1430 ὠρυομένων.
1591 1352 1670 1414 Τού-

525 1474 592 1518 τοιε
613 1454 696 1518 ἔοικε
718 1453 758 1517 τὰ
779 1457 845 1517 τῶν
869 1454 1021 1532 ἐρώντων
1050 1453 1180 1532 ᾄεματα.
1225 1452 1257 1516 Εἰ
1284 1455 1367 1527 γοῦν
1390 1454 1575 1531 ἐπιτρέψαι(
1599 1473 1670 1516 εαυ-

524 1556 603 1620 τὸν4
624 1563 670 1640 τῷ
698 1557 812 1638 έραετῇ
840 1559 970 1634 χρῆεθαι
999 1552 1103 1616 ὅπου5
1133 1555 1182 1616 καὶ
1211 1553 1310 1618 ὁπότε
1329 1554 1509 1633 νβούλοιτο,
1534 1555 1608 1619 οὔτ’
1630 1555 1669 1618 άν

525 1658 636 1737 καιρὸν
659 1657 841 1735 περιμείνω(
864 1656 1062 1733 ἐπιτήδειον,
1091 1655 1165 1719 οὔτε
1188 1655 1302 1727 τόπον,
1327 1655 1402 1720 οὔτε
1425 1658 1564 1737 (χολὴν,
1595 1657 1670 1720 οὔτε

525 1759 667 1838 ἐρημίαν,
690 1758 773 1822 ἀλλὰ
795 1758 926 1838 θηρίου6
948 1757 1037 1834 δίκην
1061 1756 1126 1819 ὑπὸ
1154 1757 1268 1833 λύττηε
1291 1758 1385 1821 εὐθὺς
1406 1757 1535 1836 ἔχοιτο7
1559 1759 1599 1822 ἂν
1621 1759 1670 1821 καὶ

526 1862 643 1941 βαίνειν
665 1863 862 1939 προθυμοῖτο
884 1861 983 1938 μηδὲν
1005 1859 1204 1936 αἰόούμενοε.

524 1966 530 1985 “
609 1964 714 2026 Τοῦτο
738 1961 781 2025 ἔτι
804 1963 951 2041 προεθεὶε
974 1960 1167 2024 καταπαύεω
1190 1961 1375 2038 τὸνλόγον,
1399 1960 1448 2025 ὅτι
1464 1962 1571 2026 πάντα
1586 1967 1668 2027 θεῶν

524 2069 615 2143 δῶρα
643 2064 693 2127 καὶ
721 2063 799 2141 ἔργα
828 2063 886 2127 όεα
916 2063 949 2126 tc
979 2062 1164 2140 ἀνθρώπων
1193 2062 1302 2140 χρείαν
1330 2085 1365 2128 τε
1392 2066 1442 2127 καὶ
1470 2065 1586 2144 τέρψιν
1621 2066 1669 2128 καὶ

524 2167 685 2246 ὠφέλειαν
709 2163 867 2245 deprome,
896 2166 936 2228 τὰ
958 2166 1014 2242 μὲν
1039 2164 1147 2227 αὐτῶν
1170 2151 1257 2227 πάνυ
1279 2165 1329 2227 καὶ
1352 2166 1456 2249 πάντῃ
1480 2167 1586 2248 θεῖαί,
1609 2171 1668 2244 γῆν

524 2252 604 2348 φημι
624 2268 675 2331 καὶ
698 2266 842 2346 οὐρανόν
858 2267 913 2337 καὶ
936 2266 1027 2344 ἥλιον
1051 2265 1101 2328 καὶ
1123 2265 1293 2340 θάλατταν,
1317 2254 1427 2344 ὑμνεῖν
1451 2270 1508 2346 μὲν
1525 2271 1576 2333 καὶ
1596 2276 1668 2332 θαυ-

523 2371 631 2448 μάζειν
659 2368 865 2449 πεφύκαμεν,
891 2368 968 2446 έρᾶν
996 2369 1027 2431 o'
1056 2366 1113 2443 οὔ,
1143 2368 1250 2431 καλῶν
1274 2368 1309 2430 δέ
1332 2389 1430 2433 τινων
1454 2371 1668 2449 φαυλοτέρων

523 2472 574 2533 καὶ
601 2470 787 2548 ἀτιμοτέρα(
815 2469 927 2548 μοίραε
955 2468 1195 2548 τετυχηκότων,
1224 2468 1351 2533 τούτων
1378 2471 1438 2547 ἤδη
1467 2473 1594 2550 φθόνοε
1620 2475 1668 2535 καὶ
1714 2483 1718 2491 ’

524 2571 607 2648 έρωε
633 2572 684 2633 καὶ
710 2574 807 2648 Ζῆλοε
835 2571 885 2633 καὶ
910 2570 1020 2648 ’ίμεροε
1047 2569 1222 2634 άπτεταιίῦ.
1269 2571 1323 2634 Καὶ
1351 2571 1383 2634 οἱ
1413 2573 1471 2649 μέν
1494 2594 1579 2638 τινεε
1601 2576 1668 2653 κέρ-

523 2677 602 2735 όουε
625 2672 754 2750 ἐρῶειν,
778 2672 808 2735 οἱ
830 2673 865 2735 δὲ
889 2671 984 2750 ὄψων
1008 2672 1065 2750 αὖ,
1095 2671 1131 2756 1¹¹
1144 2672 1175 2736 οἱ
1197 2673 1233 2735 δὲ
1256 2671 1357 2736 οἴνου.
1402 2674 1452 2737 Ἐν
1475 2676 1514 2752 δὴ
1537 2682 1583 2759 τῷ
1606 2696 1667 2739 τοι-

525 2777 589 2855 ῷδε
612 2771 733 2855 ἀριθμῷ
754 2774 812 2836 ’καὶ
833 2773 932 2852 μερίδι
960 2774 1140 2838 καθίεταται
1167 2775 1205 2837 τό
1233 2774 1351 2838 κάλλοε
1379 2774 1444 2838 ὑπὸ
1472 2780 1539 2840 τῶν
1569 2777 1668 2856 ἐρών·

523 2896 606 2950 των,
638 2873 884 2953 ὅμοιονκέρδει
911 2875 962 2938 καὶ
990 2877 1067 2958 ὄψῳ
1095 2878 1147 2940 καὶ
1172 2876 1303 2959 μέθηη
1336 2876 1401 2940 ὑπό
1430 2878 1464 2940 δ’
1486 2878 1579 2956 ἡμῶν
1602 2885 1666 2943 τῶν

499 3051 502 3054 ,
523 2977 753 3054 θαυμαζόντων
776 2978 850 3054 μέν,
873 2979 913 3055 μὴ
937 2977 1090 3055 ἐρώντων
1112 2978 1148 3040 δέ
1157 2976 1193 3052 ¹³,
1223 2977 1338 3056 ὅμοιον
1360 2978 1440 3060 ἡλίῳ
1464 2981 1518 3043 καλ
1537 2981 1667 3063 οὐρανῷ
1731 2998 1742 3021 ·

524 3080 573 3144 καὶ
594 3085 634 3162 γῇ
654 3080 708 3142 καὶ
730 3080 884 3161 θαλάττῃ·
916 3078 956 3142 τὰ
982 3079 1045 3157 γὰρ
1073 3082 1206 3142 τοιαῦτα
1233 3080 1356 3145 παντὸε
1384 3080 1507 3158 έρωτοε
1535 3083 1666 3161 κρείττω

611 3392 622 3436 1
644 3383 749 3438 Codex:
768 3384 915 3449 δεχεόζων.
949 3383 1075 3437 Correxit
1094 3383 1243 3437 Iaeobsius.

608 3474 624 3520 2
644 3466 749 3521 Codex:
769 3473 865 3535 θηρῶν
883 3471 900 3534 ἢ
920 3470 1112 3535 βοεχημάτων.

609 3560 624 3604 3
643 3551 748 3606 Codex:
767 3554 1013 3619 χραιμετιζόντων.
1035 3551 1188 3619 Perperam
1196 3553 1299 3606 Maius:
1312 3557 1578 3620 χραιμετιζομένων.
1602 3556 1666 3610 Cor-

525 3638 637 3690 rexerat
653 3637 710 3689 iam
727 3636 880 3690 Beklxerue

609 3726 625 3772 4
644 3719 750 3772 Codex:
774 3721 870 3773 αὐτόν.
908 3719 1034 3774 Correxit
1052 3721 1200 3774 Iaoobsius.

507 3819 511 3821 ·
610 3811 626 3855 5
644 3802 749 3856 Codex:
773 3806 822 3858 ὅτε
840 3806 883 3856 οὐ.
921 3803 1048 3858 Correxit
1064 3805 1259 3859 Buttmannus.

610 3892 626 3938 6
645 3885 750 3940 Codex:
770 3890 865 3954 θήρου.

611 3977 625 4024 7
644 3970 748 4025 Codex:
773 3974 866 4027 εἴοιτο.
905 3973 984 4037 Quod
1007 3975 1112 4029 oonieoi
1132 3976 1336 4044 propemodum
1359 3982 1464 4032 eertum
1483 3985 1535 4034 est.
1573 3983 1667 4036 Iaeob·

525 4056 592 4109 sius:
611 4056 683 4121 θίγοι
701 4074 757 4110 (ου.

611 4147 627 4194 8
646 4139 752 4194 Codex:
771 4159 899 4208 αφεικτα.
937 4145 1064 4198 Correxit
1081 4145 1230 4199 Iaoobsius.

610 4233 626 4277 9
645 4223 749 4279 Codex:
767 4226 956 4282 ΠΑΝΙΗΙΘΕΙ.
993 4229 1120 4282 Correxit
1137 4229 1286 4284 IooobsiuS.

594 4316 626 4363 10
645 4308 750 4363 Codex:
777 4312 905 4365 ἀπυεται.
941 4312 1016 4366 Corr.
1036 4315 1230 4368 Buttmannue
1270 4316 1336 4369 Mox
1357 4317 1386 4369 in
1407 4318 1457 4371 Ed.
1481 4319 1592 4374 Mediol.
1617 4339 1667 4390 pro

526 4396 610 4460 όψων
627 4394 716 4447 Maius
735 4394 862 4448 ediderat
880 4399 968 4463 θύων,
987 4398 1061 4451 unde
1079 4399 1221 4452 Iacobsius
1239 4403 1408 4466 θυωμάτων.

596 4484 624 4531 11
645 4477 745 4546 Incipit
763 4478 829 4533 Cod.
850 4482 977 4534 Ambroe
994 4501 1021 4551 p.
1041 4489 1080 4536 73.

596 4569 626 4614 12
644 4563 733 4615 Maius
751 4565 847 4627 μέλιτι.
883 4564 1035 4634 Corruptus
1058 4568 1134 4620 loeus
1156 4570 1197 4621 ita
1219 4570 1322 4637 legitur
1343 4572 1371 4623 in
1394 4571 1507 4626 Codice:
1544 4576 1668 4630 ΥΕΙΔΕΙ-

526 4647 883 4703 ΚΑΙΟΨΩΙΚΑΙΜΕΕΗΜΗ.

595 4735 626 4782 13
645 4728 750 4782 Codex:
769 4733 812 4799 δή.
