4142 5659
510 676 550 743 96
721 673 757 731 1.
773 672 942 732 coenum
959 629 1167 731 1111111111
1186 672 1443 731 misrrumum

509 850 574 913 vim
596 849 721 934 gaudiil
746 849 809 913 mei
831 870 965 934 nequeo,
1010 847 1133 914 Necte
1156 849 1334 913 recordatio
1358 849 1423 913 ista
1444 854 1571 934 urgeat,
1595 871 1658 915 nec

509 944 640 1015 Omnino
664 954 774 1036 angat,
799 953 882 1035 quod
904 953 965 1015 tibi
988 951 1134 1015 conscius
1163 973 1196 1014 es
1221 972 1287 1014 non
1310 955 1499 1034 perpetuam
1526 975 1658 1036 operam

510 1053 709 1136 eloquentiae
732 1054 865 1117 dedisse.
904 1054 988 1118 Nam
1010 1054 1148 1137 itat2res
1170 1052 1283 1116 habet:
1306 1053 1361 1136 qui
1382 1075 1502 1139 magno
1523 1055 1658 1139 ingenio

511 1155 672 1238 praeditus
694 1159 782 1219 recta
811 1155 862 1218 via
890 1156 930 1219 ad
958 1154 1174 1238 eloquentiam
1196 1156 1233 1218 a³
1255 1155 1415 1238 principio
1436 1156 1592 1228 inductus·
1612 1161 1658 1220 at-

509 1277 570 1338 que
591 1257 761 1321 institutus
782 1257 891 1340 fuerit,
916 1258 1045 1320 tametsi
1068 1257 1230 1320 interdum
1259 1257 1454 1321 concessarit
1482 1261 1538 1320 aut
1566 1260 1657 1322 resti-

508 1358 595 1441 terit,
631 1358 686 1421 ubi
714 1359 853 1442 primum
885 1359 1055 1444 progredei
1070 1348 1075 1351 ¹
1088 1358 1192 1422 denuo
1225 1360 1257 1422 11
1284 1381 1420 1444 pergere
1446 1361 1550 1423 visum
1585 1362 1656 1443 erit,

510 1461 658 1541 coeptum
679 1459 759 1523 illud
786 1461 849 1523 iter
872 1460 1048 1524 confecerit
1075 1460 1194 1523 setius⁴
1229 1462 1366 1524 fortasse
1396 1461 1519 1544 aliqu0,
1549 1463 1657 1525 minus

509 1564 618 1624 tamen
640 1561 751 1625 nihilo.
777 1561 877 1625 Crede
901 1565 1008 1625 autem
1031 1560 1091 1624 hoc
1113 1561 1193 1624 mihi
1211 1563 1353 1625 omnium
1376 1561 1552 1646 hominum,
1578 1585 1657 1647 quos

510 1683 570 1747 ego
594 1663 807 1747 cognoverim,
832 1663 977 1726 uberiore
1000 1685 1096 1746 quam
1111 1666 1147 1726 tu
1169 1665 1213 1727 sis
1234 1665 1368 1748 ingenio
1389 1665 1551 1728 adfectum
1575 1686 1657 1728 com-

440 1782 444 1792 ·
509 1765 629 1847 perisse
651 1786 702 1827 me
724 1765 902 1828 neminem:
931 1765 1014 1848 quod
1036 1765 1164 1848 quidem
1191 1787 1251 1848 ego
1273 1787 1393 1850 magna
1423 1788 1494 1829 cum
1522 1764 1580 1829 lite
1602 1765 1658 1829 Vi-

511 1867 627 1929 ctorini
649 1867 752 1930 nostri
775 1870 808 1929 et
829 1887 949 1949 magna
972 1867 1039 1928 eius
1062 1888 1133 1929 cum
1153 1866 1217 1930 bile
1239 1868 1384 1930 adiurare
1407 1867 1559 1950 solebam,
1586 1889 1658 1930 cum

511 1988 583 2030 eum
599 1969 762 2051 adspirare
787 1968 827 2030 ad
848 1966 1121 2050 pulchritudinem
1142 1968 1288 2052 ingenii⁵
1306 1970 1353 2032 tui
1376 1991 1468 2052 posse
1490 1991 1656 2054 negarem.

510 2067 592 2131 Tum
619 2068 674 2132 ille
699 2092 787 2133 meus
815 2069 988 2133 1111111116
1015 2091 1176 2153 romanus,
1206 2071 1260 2153 qui
1282 2071 1382 2133 vitam
1405 2093 1495 2134 suam
1517 2094 1577 2155 pro
1599 2095 1657 2135 un-

510 2171 639 2254 guiculo
667 2175 723 2234 tuo
750 2172 890 2235 libenter
916 2171 1091 2234 dediderita
1121 2174 1216 2254 atque
1245 2171 1416 2255 devoverit,
1452 2173 1490 2236 de
1524 2174 1657 2257 ingenio

509 2275 620 2336 tamen
641 2273 763 2336 invitus
786 2276 819 2336 et
840 2273 943 2337 tristis
967 2293 1063 2356 aegre
1086 2273 1289 2336 concedebat.

595 2373 703 2437 Unum
725 2374 785 2437 tibi
807 2373 985 2458 periculum
1006 2375 1080 2456 fuit,
1104 2375 1283 2456 Antonine,
1307 2374 1393 2437 idem
1408 2377 1492 2459 quod
1508 2378 1657 2440 omnibus

511 2476 565 2558 qui
588 2475 717 2538 sublimi
739 2476 871 2561 ingenio
894 2477 1081 2558 extiterunt,
1105 2498 1146 2539 11
1168 2477 1204 2539 11
1227 2476 1395 2539 verborum
1418 2478 1509 2560 copia
1532 2482 1565 2542 ct
1587 2479 1656 2561 pul-

511 2566 694 2641 chritudine
716 2577 893 2640 clauderes:
922 2581 1044 2660 quanto
1072 2579 1157 2640 enim
1184 2577 1353 2660 ampliores
1381 2580 1561 2642 sententiae
1592 2602 1656 2644 cre-

511 2682 617 2761 antur,
652 2681 744 2743 tanto
776 2679 937 2743 difficilius
971 2679 1076 2742 verbis
1108 2680 1327 2743 vestiunturb:
1360 2701 1421 2743 nec
1453 2681 1657 2746 mediocriter

511 2779 720 2844 laborandum
743 2783 801 2863 est,
832 2802 873 2845 11
895 2802 1047 2864 procerae
1068 2779 1143 2843 illae
1166 2782 1346 2844 sententiae
1374 2781 1457 2844 male
1484 2782 1552 2845 sint
1580 2784 1656 2846 ami-

512 2885 592 2964 ctae,
617 2904 697 2946 neve
712 2883 893 2946 indecorius
910 2885 1044 2966 cinctae,
1062 2904 1142 2946 neve
1160 2883 1227 2945 sint
1242 2882 1455 2946 seminudae&
1471 2883 1656 2969 llMemini-

511 2984 577 3047 stin
599 2984 666 3047 eius
689 2984 844 3048 orationis
865 2989 951 3067 tuae,
980 3007 1077 3068 quam
1098 2984 1229 3047 vixdum
1250 2985 1423 3067 pueritiam
1451 3006 1599 3068 egressus
1621 2986 1655 3049 in

595 3154 612 3190 a
630 3141 664 3190 In
681 3143 807 3205 urarpine:
827 3135 880 3201 Qui
897 3136 985 3190 vitam
1003 3153 1082 3190 suam
1100 3167 1132 3174 -—
1151 3135 1297 3189 dediderit.

595 3222 614 3275 b
633 3226 667 3274 Iu
685 3228 808 3289 ruurpine:
829 3220 937 3285 Quanto
957 3222 1158 3290 1111111111-
1175 3219 1337 3291 vestiuntur.

595 3324 610 3359 c
631 3311 663 3359 In
681 3313 806 3374 nrarpine:
825 3306 972 3374 Agendum
990 3323 1024 3358 ne
1043 3306 1098 3358 sint
1119 3305 1192 3358 male
1210 3305 1342 3371 amictae,
1365 3305 1522 3359 indecorius
1542 3306 1655 3373 cinctae,

509 3391 677 3445 seminudae.

598 3550 610 3596 1
631 3543 676 3596 Pr.
696 3561 732 3595 m.
752 3544 784 3595 11
801 3542 923 3597 videtur:
941 3549 1028 3610 pardi.

595 3633 610 3679 2
629 3627 729 3695 Incipit
749 3625 814 3680 Cod.
833 3626 896 3680 Vat.
916 3646 943 3695 p.
959 3633 999 3680 92.

596 3710 734 3766 BCodex:
754 3724 789 3764 al.

594 3796 671 3850 4111
690 3795 790 3863 Codex,
808 3812 863 3849 111
880 3803 972 3850 serias.
1002 3796 1120 3850 Videtur
1138 3814 1204 3851 sane
1222 3797 1326 3850 Fronto
1352 3797 1457 3850 imitari
1474 3797 1605 3851 Plautum
1622 3827 1654 3835 —

438 3875 441 3878 ⁴
510 3883 542 3934 ut
564 3898 649 3950 supra
670 3879 699 3933 11
720 3880 806 3934 verbo
833 3901 984 3936 concessare
1006 3912 1041 3922 -
1062 3882 1233 3936 Menaechm.
1253 3882 1286 3947 V,
1300 3888 1324 3948 7,
1337 3888 1378 3948 17,
1396 3882 1444 3934 ubi
1463 3881 1578 3936 Codices
1600 3881 1655 3935 mei

491 3966 616 4020 ‘habent
632 3972 711 4020 setius
729 3966 758 4020 et
774 3952 879 4031 secz'us,⁴
892 3983 948 4020 non
965 3973 1070 4032 111111,
1098 3967 1183 4020 cuius.
1196 3969 1355 4036 postremae
1379 3966 1533 4036 scripturae
1550 3967 1655 4020 frustra

509 4052 626 4105 fortasse
649 4044 794 4104 rationem
807 4051 894 4105 habet
916 4051 1093 4105 Forcellinus.
1135 4049 1235 4104 Confer
1258 4052 1353 4105 autem
1371 4050 1490 4105 Gellium
1507 4051 1611 4116 XVIII,
1630 4058 1653 4105 9.

509 4135 559 4189 ubi
579 4135 649 4190 item
671 4136 765 4205 legere
787 4135 881 4189 malim
903 4143 989 4192 setius.
1025 4141 1122 4193 Maius.
1165 4134 1207 4187 De
1231 4126 1347 4204 antiqua
1367 4136 1459 4190 forma
1479 4142 1574 4190 sectius
1597 4135 1656 4204 egit

508 4219 674 4275 Ritschelius
692 4220 765 4275 Prol.
785 4221 907 4276 Trinum.
927 4239 954 4290 p.
968 4220 1074 4274 LXXV.
1096 4219 1265 4274 Fleckeisen.
1278 4220 1348 4273 Mus,
1362 4220 1449 4274 Rhen.
1463 4220 1537 4274 VIII.
1555 4239 1584 4290 p.
1595 4226 1652 4274 221.

594 4311 609 4360 5
628 4305 694 4360 Cod.
712 4324 754 4375 pr.
774 4323 810 4359 m.
829 4312 920 4375 inperii.
1400 4332 1402 4335 ·

594 4395 609 4442 6
627 4389 669 4443 Dc
680 4390 768 4444 Marci
785 4390 910 4459 impenso
924 4406 992 4459 erga
1004 4388 1148 4442 Rusticum
1166 4389 1258 4442 studio
1277 4388 1344 4443 satis
1357 4389 1425 4443 dicit
1433 4388 1581 4458 Capitolin.
1596 4406 1618 4442 c.
1629 4396 1652 4443 3.

508 4473 575 4528 Eius
594 4475 706 4529 consilio
718 4475 828 4528 Marcus
846 4491 875 4528 se
894 4475 929 4528 ab
949 4473 1095 4527 rhetoricis
1114 4473 1250 4528 exercitiis
1268 4475 1440 4529 abstractum
1458 4473 1543 4526 fuisse
1562 4473 1602 4526 ait
1620 4473 1655 4525 de

509 4560 567 4613 reb.
588 4559 644 4612 suis
663 4560 682 4626 I,
696 4566 719 4614 7,
760 4558 944 4620 Nihilominus
966 4556 1081 4611 Rustico
1108 4574 1191 4627 saepe
1214 4575 1243 4612 se
1265 4559 1382 4613 1111111
1405 4557 1593 4612 succensuisse
1615 4557 1655 4610 ait

418 4692 427 4709 ,
509 4644 619 4698 Μ11111
639 4644 673 4698 de
691 4645 760 4698 Reb.
780 4661 800 4697 s.
820 4645 840 4710 I,
855 4649 894 4697 17,
930 4646 1024 4696 Maius.

594 4734 608 4784 7
627 4728 727 4798 incipit
745 4725 811 4782 Cod.
830 4726 893 4780 Vat.
913 4744 940 4795 p.
955 4732 994 4780 91.
