4142 5659
536 667 585 720 AD
603 665 732 720 VERUM
749 665 870 720 IMPER.
890 666 1078 720 AURELIUM
1096 666 1288 720 CAESAREM
1305 668 1414 722 LIBER
1430 670 1464 722 11.
1512 672 1570 755 121

425 840 476 900 ter
504 835 729 919 respondistil.
775 835 904 900 Scilicet
931 835 992 900 hoo
1019 840 1052 899 te
1075 857 1093 898 a
1117 812 1366 901 centurionibus
1385 838 1436 902 vel
1464 840 1572 922 primi·

424 937 580 1020 pilaribus
614 936 862 1020 elegantissimis
898 937 1141 1001 altercatoribus
1182 938 1353 1002 didicisse?
1407 939 1573 1004 Dausara²

329 1076 333 1080 Δ
425 1041 458 1103 et
478 1033 716 1121 Nicephorum3
739 1042 772 1101 et
787 1039 945 1102 Artaxata
961 1039 1059 1102 ductu
1075 1038 1278 1123 auspicioque
1292 1043 1350 1103 tuo
1365 1042 1461 1104 armis
1478 1046 1572 1125 capta

412 1143 517 1204 sunt:
555 1141 614 1203 sed*
645 1161 751 1204 arcem
779 1141 938 1202 munitam
966 1142 998 1202 et
1026 1140 1182 1203 invictam
1210 1145 1243 1204 11
1275 1142 1570 1225 inexpugnabilem,

426 1262 507 1324 quae
529 1241 564 1304 in
586 1241 698 1305 fratris
720 1242 768 1304 tui
783 1244 913 1324 pectore
929 1241 992 1304 sita
1007 1244 1067 1323 est,
1092 1242 1265 1305 adnomen
1279 1242 1466 1306 Armeniaci
1488 1244 1572 1326 quod

425 1342 650 1406 1111111111114
678 1342 882 1424 sumendum,
907 1344 978 1425 quis
1001 1344 1083 1406 alius
1105 1364 1199 1426 quam
1221 1347 1267 1425 tu,
1292 1347 1348 1407 aut
1365 1345 1480 1428 quibus
1502 1344 1572 1408 aliis

424 1447 462 1507 tu
489 1465 585 1527 quam
613 1435 813 1526 eloquentiae
842 1443 941 1526 copiis
956 1502 958 1505 .
975 1444 1105 1506 adortus
1133 1445 1210 1506 esl‘?
1254 1443 1410 1509 Comitem
1442 1446 1504 1509 tibi
1533 1446 1572 1509 ad

425 1544 666 1627 impetrandum
694 1544 824 1606 adscisti
853 1544 1043 1625 exercitum,
1073 1546 1128 1608 sed
1154 1544 1338 1629 loquentem
1366 1547 1571 1630 exercituml,

426 1647 572 1709 oratione
599 1648 811 1728 pugnantem.
857 1644 897 1707 111
925 1666 963 1708 11
985 1647 1020 1707 tu
1048 1647 1140 1728 parte
1162 1646 1342 1710 litterarum
1363 1651 1507 1730 tuarum,
1536 1652 1573 1711 ut

425 1747 561 1810 fratrem
584 1748 748 1809 amantem
771 1746 887 1827 decuit,
912 1746 1082 1808 sententiis
1104 1747 1208 1829 magis
1231 1748 1349 1811 crebris
1373 1752 1405 1812 et
1427 1749 1572 1820 dulcibus

426 1869 502 1911 usus
525 1869 575 1929 es,
600 1850 633 1910 et
653 1868 746 1910 versa
768 1846 985 1910 modulatione
1009 1846 1187 1911 collocasti:
1220 1870 1302 1932 quae
1325 1871 1397 1912 cum
1410 1849 1570 1933 legerem,

406 1950 462 2031 Ι111
484 1951 599 2012 senatu
622 1949 708 2011 enim
730 1970 788 2030 per
810 1947 1027 2012 valetudinem
1049 1969 1115 2011 non
1137 1950 1228 2031 potui
1250 1950 1375 2033 adesse,
1411 1972 1483 2014 eum
1511 1952 1572 2015 elo-

427 2051 559 2134 quentia
580 2053 637 2113 1111
658 2050 793 2112 fratrem
816 2052 908 2112 tuum
929 2049 1039 2132 urgeri
1061 2049 1211 2132 viderem,
1235 2050 1283 2113 ita
1306 2072 1378 2114 eum
1393 2053 1501 2116 tacitis
1523 2075 1572 2116 co-

427 2151 640 2236 gitationibus
661 2151 741 2214 meis
765 2149 1012 2233 compellabam:
1042 2148 1124 2224 Quid
1146 2149 1207 2213 hoc
1229 2151 1276 2213 rei
1299 2155 1357 2233 est,
1382 2152 1572 2216 Antonine?

427 2275 504 2316 nam
525 2252 588 2316 tibi
609 2253 700 2316 video
722 2272 841 2316 nornen
869 2253 952 2334 quod
980 2255 1186 2315 recusaveras
1215 2252 1476 2335 accillpiendum
1503 2275 1572 2317 esse

428 2358 461 2418 et
481 2354 540 2417 de⁸
562 2353 724 2416 sententia
754 2353 980 2416 decedendum.
1027 2351 1109 2427 Quid
1137 2373 1225 2416 nunc
1247 2373 1347 2435 meae,
1372 2355 1447 2437 quid
1470 2353 1571 2436 philo-

363 2492 371 2496 ·
428 2454 601 2538 sophorum
623 2453 751 2517 litterae
774 2454 901 2537 agunt?
944 2452 1078 2516 Litteris
1100 2452 1212 2515 militis
1234 2453 1403 2518 vincimur.
1447 2454 1572 2538 Ecquid

407 2543 535 2620 'autem
557 2553 689 2638 pulchre
712 2554 876 2637 scripsisse
900 2553 1049 2618 videtur?
1087 2554 1249 2636 numquod
1276 2555 1409 2618 verbum
1430 2555 1572 2620 insolens

428 2660 484 2721 aut
505 2655 792 2738 intempestivum?
820 2658 875 2719 aut
897 2677 975 2719 num
998 2655 1138 2739 egotibi
1162 2654 1272 2718 videor
1294 2656 1469 2738 gloriosum
1490 2657 1572 2721 mili-

427 2761 494 2822 tem
527 2756 691 2822 erudisse?
735 2755 835 2838 Quin,
871 2756 954 2839 quod
980 2755 1064 2818 votis
1092 2757 1239 2820 omnibus
1273 2757 1439 2839 expetisti,
1472 2757 1573 2822 habes

426 2861 562 2922 fratrem
582 2857 716 2939 fortem,
747 2858 853 2936 virum
873 2858 994 2920 bonum
1016 2856 1157 2919 dieendi‘
1164 2854 1318 2940 peritum:
1353 2859 1464 2922 eadem
1487 2860 1572 2922 enim

428 2960 525 3023 dicit⁹
547 2959 602 3022 ille
624 2961 705 3042 quae
726 2960 779 3041 tu,
804 2958 859 3021 sed
882 2980 920 3023 ea
942 2958 1048 3020 minus
1068 2959 1178 3022 multis
1199 2958 1252 3021 ille
1267 2980 1364 3041 quam
1379 2962 1425 3022 tu.
1457 2958 1572 3033 Qum¹⁰

365 3084 369 3091 ·
426 3060 565 3124 maxime
587 3059 668 3124 haec
690 3081 750 3144 ego
772 3081 897 3123 mecum
914 3058 1101 3142 agitabam,
1133 3081 1208 3142 qum
1235 3060 1375 3123 orationi
1400 3063 1475 3122 tuae
1503 3081 1571 3123 suc-

429 3161 524 3225 cessit
546 3161 708 3224 Antonini
729 3161 847 3242 oratio,
872 3159 905 3223 di
926 3158 1020 3222 boni!
1044 3181 1140 3242 quam
1162 3158 1312 3242 pulchra!
1345 3181 1441 3243 quam
1462 3161 1570 3223 vera¹¹

427 3263 546 3326 multa!
588 3262 685 3346 plane
714 3262 801 3325 dicta
829 3261 936 3325 omnia
964 3263 996 3324 et
1024 3260 1122 3324 verba
1151 3260 1317 3323 delenifica
1327 3261 1367 3343 ¹²,
1397 3261 1517 3343 pietate
1540 3263 1572 3324 et

427 3463 630 3474 wu—

514 3609 527 3652 1
546 3600 612 3654 Veri
630 3599 739 3653 litteras
757 3598 793 3652 ad
809 3599 977 3652 Parthorum
996 3615 1092 3667 regem
1110 3600 1248 3653 memorat
1263 3597 1397 3652 Nazarius
1415 3614 1516 3667 paneg.
1536 3598 1573 3652 ad

428 3684 602 3741 constantin.
623 3701 645 3737 c.
665 3689 705 3748 24,
723 3685 784 3736 tum
802 3681 886 3735 etiam
904 3682 1008 3736 Fronto
1026 3681 1056 3734 in
1073 3680 1217 3751 principiis
1235 3680 1376 3736 historiae.
1412 3687 1506 3738 Maius.

514 3777 529 3822 2
549 3768 615 3822 Cod.
635 3785 677 3837 pr.
697 3784 733 3820 m.
754 3772 905 3819 Danaorum.

514 3861 529 3907 3
547 3853 622 3906 Alns
634 3856 823 3918 Nicephorium.
860 3855 954 3903 Maian.

513 3938 582 3991 411.
602 3935 750 4005 Capitolin.
773 3933 803 3986 in
820 3933 914 3987 Marco
934 3951 955 3987 c.
976 3940 999 3987 9.

514 4022 582 4076 511.
603 4018 751 4089 Capitolia.
775 4017 804 4070 in
821 4017 895 4072 Vero
915 4035 936 4071 c.
957 4023 980 4070 8.
1263 4064 1265 4080 ,

513 4111 529 4158 6
548 4103 615 4157 Tria
632 4104 719 4157 verba
736 4102 811 4171 apud
828 4102 932 4155 Maium
951 4102 1060 4156 desunt.
1097 4102 1129 4154 In
1150 4102 1328 4169 sequentibus
1349 4100 1488 4175 Hauptius
1508 4100 1573 4155 sori·

426 4191 482 4245 bit:
505 4202 532 4243 et
548 4189 636 4242 verba
653 4186 841 4240 modulatiora
858 4191 998 4241 collocasti.
1050 4185 1052 4188 ⁴

514 4279 529 4326 7
547 4270 648 4339 Incipit
667 4268 733 4324 dod.
753 4268 816 4322 Vat.
835 4287 862 4337 p.
885 4276 923 4322 13.

515 4363 530 4410 8
549 4355 610 4409 Om.
630 4353 727 4408 Maius.
1023 4384 1024 4392 .

513 4447 528 4494 9
548 4438 615 4494 cod.
633 4457 675 4508 pr.
696 4456 732 4491 m.
752 4444 828 4492 dicct.
860 4439 893 4491 of.
913 4437 1026 4492 Jordan.
1047 4438 1084 4492 ad
1102 4437 1199 4491 Calon.
1218 4456 1245 4507 p.
1265 4444 1307 4492 80.

498 4529 530 4577 10
548 4523 592 4576 111
611 4521 705 4577 Codex
722 4523 773 4576 bie.
1111 4568 1113 4570 .

499 4614 527 4660 ll
547 4608 592 4660 lta
610 4605 710 4660 Codex.
747 4608 833 4661 Recte
851 4605 1002 4674 Hauptius:
1026 4625 1098 4674 quum
1115 4621 1182 4660 vero
1199 4613 1284 4662 multa.

499 4697 529 4744 12
550 4689 618 4746 eod.
636 4707 689 4745 seo.
709 4708 745 4745 m.
765 4697 878 4761 delefica,
897 4692 929 4747 ut
946 4689 1063 4746 videtur.
