4142 5659
614 670 663 726 AD
681 670 718 725 M.
732 669 925 726 CAESAREM
941 671 988 725 ET
1006 670 1159 727 INVICEM
1177 673 1286 728 Lissa
1302 673 1348 729 ΙΙΙ.
1511 675 1554 742 49

401 843 518 920 sabula
541 843 561 905 d
585 893 592 906 .
617 892 624 905 .
650 893 656 906 .
681 843 823 925 perfecte
845 843 1031 907 absolberis
1066 842 1244 907 Plurimum
1266 846 1327 909 tibi
1348 847 1384 910 in
1407 849 1552 912 oratione

404 945 554 1008 facienda
585 995 591 1008 .
618 995 624 1007 .
650 995 657 1008 .
686 949 756 1008 tum
790 947 875 1009 certe
904 946 1032 1029 quidem
1061 945 1190 1009 cottidie
1221 997 1227 1010 .
1254 997 1260 1010 .
1286 998 1292 1011 .
1323 970 1361 1011 ex
1395 949 1552 1034 [ugurtha
1642 1025 1646 1032 ,

405 1050 461 1108 aut
476 1068 515 1109 cx
532 1044 682 1110 Catilina.
706 1045 777 1109 Diis
792 1047 940 1129 propitiis
956 1069 1051 1130 quom
1066 1046 1203 1126 Romam
1218 1051 1397 1133 reverteris
1423 1051 1551 1134 exigam

404 1152 477 1211 ate
500 1145 619 1234 de[nuo
636 1140 765 1236 ‘verlsus
787 1147 928 1211 diurnos.
966 1147 1140 1212 Dominam
1160 1153 1298 1215 matrem
1320 1154 1411 1214 tuam
1433 1152 1548 1216 saluta.

777 1316 867 1382 XII.
897 1316 1070 1399 Magistro
1092 1318 1180 1385 Meo.

487 1454 577 1518 Duas
600 1475 658 1537 per
679 1454 729 1517 111ι
753 1455 879 1537 tempus
902 1453 1056 1538 epistulas
1078 1456 1151 1518 tuas
1170 1457 1288 1539 accepi.
1312 1456 1433 1522 Earum
1449 1459 1550 1523 altera

403 1578 454 1619 me
476 1556 668 1638 increpabas
692 1559 724 1618 et
745 1558 865 1619 temere
888 1555 1084 1619 sententiam
1112 1557 1277 1639 scripsisse
1305 1560 1477 1642 arguebas:
1506 1562 1550 1625 al-

404 1660 473 1720 tera
494 1679 570 1720 vero
593 1657 704 1720 tuere²
727 1658 868 1721 studium
890 1679 1005 1720 meum.
1051 1657 1194 1725 Laudet³
1216 1661 1248 1722 te
1271 1658 1369 1723 Baius
1377 1661 1398 1724 ⁴.
1428 1662 1550 1726 Adiuro

405 1761 513 1821 tamen
535 1758 595 1821 tibi
617 1780 732 1841 meam,
755 1780 845 1822 meae
867 1758 991 1841 matris,
1015 1761 1105 1821 tuam
1120 1759 1265 1843 salutem,
1289 1761 1368 1825 mihi
1384 1763 1456 1846 plus
1472 1786 1549 1848 gau-

404 1860 448 1923 dii
469 1861 505 1923 in
528 1860 635 1923 animo
659 1865 803 1925 coortum
825 1882 893 1924 esse
915 1860 979 1923 illis
995 1860 1060 1923 tuis
1081 1861 1241 1944 prioribus
1256 1862 1388 1928 litteris:
1411 1887 1462 1928 me
1483 1888 1549 1930 sae-

402 1962 475 2045 pius
499 1961 695 2026 exclamasse
716 1962 803 2025 inter
824 1962 1014 2046 legendum,
1045 1982 1137 2025 ome
1159 1962 1302 2026 felicem!
1326 1964 1436 2049 Itane,
1466 1968 1551 2032 dicet

404 2062 529 2146 aliquis,
553 2062 685 2136 felicem
703 2065 747 2145 te,
771 2063 799 2126 si
822 2064 947 2147 estqui
970 2066 1002 2126 te
1025 2063 1138 2126 doceat
1159 2065 1315 2146 quomodo
1336 2070 1467 2147 γνώμην
1484 2069 1550 2145 ,811-

403 2165 525 2246 lertius
551 2164 730 2247 dilucidius
754 2165 894 2246 brevius,
918 2165 1050 2248 politius
1072 2165 1217 2230 scribas?
1238 2188 1305 2231 non
1320 2168 1381 2232 hoc
1403 2171 1550 2252 estquod

403 2288 453 2330 me
475 2266 604 2330 felicem
626 2286 787 2349 nuncupo,
822 2264 905 2341 Quid
928 2270 977 2331 est
998 2266 1123 2352 igitur?
1144 2269 1229 2352 quod
1250 2291 1361 2333 verum
1384 2270 1488 2334 dicere
1511 2293 1549 2334 ex

403 2372 435 2432 te
458 2369 575 2432 disco⁵.
600 2367 649 2431 aa
670 2390 721 2432 res
743 2390 854 2431 verum
872 2368 897 2452 11
913 2369 1018 2433 dicere
1044 2391 1191 2453 prorsum
1220 2370 1281 2434 diis
1304 2369 1549 2456 hominibusque

404 2471 518 2533 ardua:
546 2468 671 2532 nullum
699 2469 835 2554 denique
863 2473 931 2532 tam
957 2470 1157 2555 veriloquum
1184 2471 1348 2535 oraculum
1361 2552 1364 2559 1
1377 2476 1435 2556 est,
1472 2474 1549 2559 quin

404 2572 525 2655 aliquid
548 2572 700 2655 ancipitis
726 2571 777 2635 vel
800 2571 921 2655 obliqui
951 2571 1002 2635 vel
1023 2572 1160 2656 inpediti
1186 2573 1315 2657 habeat,
1348 2597 1411 2659 quo
1439 2575 1549 2659 inpru-

404 2675 530 2757 dentior
551 2671 733 2737 inretiatur.
779 2673 841 2736 Et⁷
866 2723 872 2736 .
898 2724 905 2737 .
929 2672 1021 2737 olunt
1050 2674 1240 2758 captiosum,
1255 2675 1378 2739 dictum
1399 2678 1549 2761 opinatus

405 2777 588 2860 captionem
610 2778 684 2859 post
704 2777 830 2858 tempus
853 2797 891 2838 ac
913 2777 1012 2860 neget
1036 2826 1042 2838 .
1068 2827 1075 2839 .
1099 2798 1156 2840 sen
1180 2827 1187 2840 .
1213 2826 1219 2839 .
1242 2778 1299 2840 tua
1322 2829 1329 2842 .
1354 2829 1361 2842 .
1386 2781 1549 2863 atantum

405 2929 412 2941 .
431 2927 438 2940 .
456 2899 562 2942 errore
580 2881 738 2961 quantum
755 2927 762 2940 .
782 2927 788 2940 .
807 2877 890 2940 atius
912 2900 957 2940 u.
977 2928 983 2941 .
1008 2878 1179 2941 confestim
1200 2877 1328 2959 ipsam.
1347 2931 1353 2943 .
1371 2903 1422 2943 am
1444 2885 1549 2944 osten-

404 2979 485 3043 dunt
507 2980 577 3042 sine
599 2979 712 3042 fraude
736 2982 769 3043 et
789 2978 931 3042 inventis
953 2975 1069 3043 verbis,
1113 2979 1226 3063 Itaque
1255 2980 1407 3046 haberem
1434 2986 1466 3046 et
1488 2984 1549 3048 tibi

404 3081 527 3164 gratias
556 3101 686 3165 agerem
714 3080 780 3145 sive
808 3131 814 3144 .
841 3131 847 3144 .
873 3130 879 3143 .
909 3079 1003 3143 simul
1030 3082 1063 3143 et
1090 3081 1199 3145 audire
1229 3103 1338 3145 verum
1366 3105 1416 3146 me
1444 3084 1547 3148 doces

403 3181 530 3266 Duplex
553 3183 655 3266 igitur
678 3233 685 3246 .
710 3232 717 3245 .
741 3203 783 3245 ne
805 3181 929 3246 valeam
951 3184 1000 3245 set
1019 3203 1054 3244 re
1076 3203 1172 3264 quom
1193 3182 1253 3245 tibi
1277 3232 1283 3245 .
1309 3233 1315 3245 .
1340 3204 1400 3266 exp
1425 3234 1431 3246 .
1454 3235 1461 3248 .
1484 3186 1549 3248 nisi

405 3334 412 3347 .
437 3334 444 3347 .
468 3284 524 3368 qui
547 3283 614 3347 sint
638 3334 644 3346 .
670 3334 677 3347 .
700 3286 811 3347 tamen
840 3284 919 3347 mihi
941 3284 1098 3347 minorem
1119 3283 1256 3367 gloriam
1277 3285 1346 3346 turn
1370 3334 1377 3347 .
1402 3334 1409 3347 .
1433 3285 1483 3348 die
1508 3336 1514 3348 .
1540 3337 1547 3350 .

403 3385 496 3450 vacui
520 3383 637 3472 [llicuit
659 3407 710 3448 me
727 3436 734 3449 .
753 3436 759 3449 .
777 3385 858 3450 bene
882 3389 914 3449 et
938 3437 969 3450 ..
994 3407 1213 3469 excerpere..
1237 3385 1392 3467 paulatim
1417 3409 1488 3450 ..11
1503 3388 1548 3452 mi

405 3538 437 3552 ..
462 3491 511 3550 est
534 3487 620 3550 enim
644 3537 676 3550 ..
700 3486 935 3571 qui.laborem
957 3487 1010 3551 hic
1031 3490 1101 3551 rect
1124 3537 1156 3550 ..
1180 3487 1249 3550 oria
1270 3509 1328 3571 per
1345 3538 1351 3551 .
1369 3539 1376 3551 .
1394 3539 1401 3551 .
1418 3489 1489 3552 vale
1504 3490 1548 3553 mi

406 3638 438 3653 ..
463 3611 504 3652 ne
527 3591 559 3650 et
581 3589 724 3672 optime.
743 3640 749 3653 .
774 3589 893 3673 optime
909 3592 1018 3652 orator
1040 3589 1138 3661 sicm
1163 3639 1195 3653 ..
1218 3589 1344 3653 venisse
1370 3592 1503 3675 gaudeo.
1523 3590 1548 3676 18

404 3689 543 3754 Domina
564 3711 636 3753 mea
657 3693 690 3754 te
713 3690 841 3754 salutat.

490 3883 503 3930 1
523 3873 685 3946 Schopenus
704 3877 733 3930 et
750 3874 899 3944 Hauptius:
919 3881 992 3930 idem.

488 3968 503 4015 2
522 3960 641 4015 Orellius
658 3960 778 4014 mavult:
798 3965 909 4017 tuebare.

488 4053 503 4100 3
522 4045 626 4100 Codex:
645 4050 757 4099 laudent.

487 4137 504 4184 4
520 4129 610 4184 Maius
627 4129 745 4184 mavult:
766 4133 870 4184 Bovius.
906 4131 1004 4198 Virgil.
1023 4131 1081 4184 Ecl.
1100 4130 1148 4196 III,
1160 4137 1201 4184 90.
1238 4128 1293 4184 Sed
1309 4130 1453 4199 ingeniose
1472 4132 1548 4188 Orel-

402 4215 469 4270 lius:
487 4221 595 4270 studium
613 4236 697 4276 eneam,
716 4221 791 4268 luezde
803 4235 841 4268 me
853 4219 939 4273 beans.
963 4215 1101 4284 Hauptius
1113 4232 1179 4270 vero
1194 4216 1231 4269 ad
1243 4215 1322 4269 Ovid.
1335 4216 1455 4271 Halieut.
1467 4237 1494 4286 p.
1502 4226 1547 4274 40:

403 4308 469 4356 tucri
485 4307 592 4356 studium
609 4321 686 4354 necron
703 4305 778 4353 lreude
795 4304 926 4374 nitebaris.

488 4384 508 4438 5'
521 4385 616 4440 Verba
634 4390 721 4439 dicere
739 4404 775 4438 ea
793 4396 817 4438 le
836 4391 906 4439 disco
925 4400 1105 4439 caccavorum
1118 4385 1274 4438 scribuntur
1285 4385 1441 4453 posteriore
1453 4405 1547 4442 manu.

489 4476 504 4522 6
523 4464 654 4537 Sequitur
672 4468 739 4523 Cod.
752 4469 816 4523 Vat.
836 4489 862 4538 p.
879 4475 935 4522 lla.
953 4467 1052 4521 itidem
1069 4469 1157 4537 nigra.

488 4560 503 4608 7
520 4554 554 4606 In
571 4554 752 4621 sequentibus
769 4553 876 4608 lacunis
894 4570 982 4622 usque
1006 4553 1042 4607 ad
1060 4554 1194 4622 epistulae
1216 4554 1298 4607 finem
1321 4555 1406 4623 periit
1427 4559 1548 4624 paginae

403 4654 468 4708 pars
485 4636 576 4690 minus
594 4637 717 4692 dimidia.
754 4644 848 4692 Maius.

489 4728 504 4775 8
522 4722 624 4791 incipit
642 4722 707 4776 Cod.
728 4723 818 4777 Vatic.
837 4743 865 4792 p.
881 4729 936 4777 111.

440 4841 541 4895 nnonr.
555 4843 590 4878 nr
604 4843 704 4880 nuans.
718 4844 808 4883 ssrsr.
993 4828 995 4832 ’
1325 4809 1346 4872 4
