4142 5659
508 678 568 742 158
716 678 753 730 M.
768 675 937 730 CORNELII
955 674 1163 729 FRONTONIS
1180 674 1438 729 EPISTULARUM

593 844 771 934 [Appelllat
793 868 917 930 quoque
940 849 1097 931 quintam.
1136 847 1254 926 Sionis¹
1273 867 1369 926 pares
1391 853 1526 924 aquilas:

591 949 688 1013 Sexta
710 949 789 1012 haec
812 948 961 1012 Herculis
984 971 1148 1014 aerumna.
1192 953 1233 1012 Et
1252 955 1318 1028 pilo
1340 955 1488 1012 minantia
1507 955 1597 1028 pilis.-

591 1050 749 1133 Septima:
773 1051 811 1114 de
833 1051 944 1114 Aiacis
967 1055 1058 1115 scuto
1081 1052 1212 1114 corium.

539 1138 542 1146 ¹
591 1153 736 1234 Annaea
760 1153 832 1235 quis
853 1152 928 1215 finis
951 1153 1036 1216 erit?

590 1255 658 1316 Aut
686 1255 714 1317 si
740 1254 847 1317 nullus
875 1255 950 1317 finis
978 1277 1038 1317 neo
1061 1255 1173 1317 modus
1201 1256 1376 1319 servandus
1404 1258 1454 1318 est
1460 1305 1469 1337 7
1500 1277 1561 1338 qur
1588 1277 1654 1318 non

506 1355 595 1418 addis
617 1367 647 1419 et
668 1362 778 1419 similes
799 1356 909 1419 lituos?
952 1355 1062 1419 Addas
1085 1356 1161 1419 licet
1182 1370 1211 1419 et
1226 1363 1366 1419 carmina
1388 1369 1461 1420 noto
1482 1358 1653 1420 rasarone

319 1537 321 1546 .
414 1465 415 1471 ’
507 1456 568 1521 Sed
590 1461 623 1521 et
644 1458 759 1521 loricas
787 1460 820 1520 et
842 1478 938 1520 conos
961 1459 994 1519 et
1020 1479 1113 1520 enses
1144 1461 1176 1521 et
1198 1458 1322 1521 balteos
1346 1461 1379 1520 et
1400 1479 1528 1521 omnem
1552 1480 1654 1521 anno-

505 1581 576 1621 rum
599 1544 830 1641 supellectilem
852 1580 983 1642 sequere
991 1559 1013 1622 3.

590 1660 781 1743 Apollonius
804 1664 926 1743 autem3
954 1682 1020 1723 non
1049 1661 1135 1723 enirn
1157 1660 1291 1725 Homeri
1308 1661 1573 1745 ¹prohoemiorum
1596 1683 1655 1743 par

506 1763 677 1825 artificium
700 1764 764 1844 est3
786 1761 978 1844 Apollonius
1000 1761 1143 1845 inquam,
1168 1764 1222 1846 qui
1245 1765 1453 1848 Argonautas
1477 1763 1652 1847 scripsitl⁴‚

506 1864 646 1947 quinque
674 1885 708 1926 re
797 1914 804 1926 .
830 1865 859 1926 .⁵
886 1866 1039 1946 quattuor
1066 1865 1210 1928 versibus
1238 1868 1367 1929 narrat:
1407 1866 1484 1929 κλέα
1517 1869 1654 1944 φωτῶν,

508 1966 592 2030 viros
615 1966 669 2050 qui.
691 1965 917 2048 navigassent:
941 1966 974 2029 οἳ
995 1966 1139 2031 Πόντοιο
1159 1968 1242 2031 -κατὰ
1265 1968 1373 2047 (τόμα,
1396 1966 1459 2028 iter
1478 1987 1542 2048 quo
1565 1966 1653 2028 navi-

507 2070 652 2152 gassent:
691 2070 839 2148 βαειλῆοε
862 2068 1047 2151 ἐφημοεύνῃ
1069 2068 1209 2145 Πελίαο,
1234 2069 1323 2131 cuius
1346 2067 1481 2149 imperio
1503 2068 1654 2150 navigas-

507 2171 595 2232 sent:
620 2169 773 2245 ἐΰζυγονῦ
796 2169 916 2245 irtacum
940 2171 1058 2249 Ἀργώ,
1087 2191 1203 2233 navem
1233 2189 1296 2253 qua
1323 2169 1408 2233 vecti
1431 2170 1549 2232 essent.
1595 2169 1654 2231 Isti

507 2274 614 2334 autem
636 2272 703 2332 tam
730 2273 872 2334 oratores
902 2292 998 2353 quarn
1025 2272 1140 2354 poetae
1168 2270 1352 2334 consimile⁷
1381 2271 1508 2334 faoimrt
1536 2271 1653 2354 atqueS

508 2372 682 2435 citharoedi
705 2372 820 2454 solent,
843 2394 941 2434 unam
964 2372 1105 2456 aliquam
1119 2372 1261 2436 vocalem
1276 2373 1418 2436 litteram
1441 2373 1480 2436 dc
1495 2372 1653 2436 Henone⁹

506 2474 556 2538 vel
579 2473 617 2536 de
640 2473 772 2536 Aedone
794 2472 903 2535 multis
926 2476 958 2536 et
979 2473 1077 2537 variis
1101 2475 1286 2538 accentibus
1317 2475 1483 2558 [cautlare.
1538 2467 1541 2471 ’

592 2573 675 2648 Quid
697 2595 757 2657 ego
779 2575 948 2638 verborum
969 2576 1077 2638 sordes
1100 2578 1132 2638 et
1154 2576 1303 2639 illuvies?
1325 2576 1402 2659 quid
1423 2576 1522 2639 verba
1545 2575 1653 2639 modu-

506 2676 571 2739 late
594 2675 749 2739 collocata
771 2679 804 2739 et
826 2676 1009 2740 effeminate
1031 2677 1221 2740 fluentiam?
1245 2728 1252 2741 .
1279 2728 1286 2742 .
1334 2677 1395 2764 [Ibi
1417 2678 1530 2761 igitur]
1557 2728 1564 2740 .
1591 2728 1597 2741 .
1622 2681 1653 2740 et

507 2780 690 2841 aversantes
707 2828 714 2840 .
730 2827 736 2840 .
754 2799 832 2841 nare
852 2778 913 2842 hoc
932 2779 1113 2863 elegantiae
1124 2779 1148 2818 ¹¹
1162 2799 1274 2862 genus
1311 2784 1361 2843 [ln
1375 2779 1477 2861 clipeo
1493 2783 1526 2842 te
1543 2779 1652 2842 Achil-

506 2880 546 2942 lis
573 2880 607 2943 in
635 2879 833 2943 orationibus
867 2882 1009 2963 oportet,
1048 2902 1114 2943 non
1148 2881 1328 2963 parmulam
1355 2881 1513 2944 ventilare
1549 2903 1652 2964 neque

506 2980 642 3044 hastulis
670 2980 837 3044 histrionis
864 2981 1002 3044 luderes.
1048 2982 1162 3065 Aquae
1192 2981 1231 3044 ‹le
1259 2983 1438 3065 sipunculis
1462 2983 1652 3046 concinnius

510 3123 573 3130 „-

594 3167 611 3204 a
630 3155 662 3203 In
680 3156 807 3220 marqine:
827 3148 922 3218 Clipeo
941 3181 973 3188 —
991 3149 1095 3203 ludere.

592 3287 667 3341 llta
686 3285 791 3339 Codex:
822 3289 908 3354 Signis
925 3306 1013 3354 pares.
1049 3285 1224 3339 Heindorfius
1247 3287 1375 3353 requirit:
1408 3293 1558 3341 Accumulat
1578 3309 1652 3358 quar-

507 3384 548 3427 tae
566 3377 683 3441 quintam.
722 3369 851 3423 Orellius:
876 3377 1014 3423 occumulat
1032 3392 1130 3440 quoqne
1148 3378 1267 3441 qaimm.

590 3463 606 3510 2
624 3457 684 3509 Iam
701 3453 869 3507 Niebuhrius
887 3455 960 3507 hunc
977 3471 1088 3508 versum
1107 3473 1168 3508 esse
1186 3455 1264 3509 vidit.

592 3540 696 3594 3lm0:
716 3559 853 3607 exequere.
891 3544 1052 3594 Niebohm'os.

591 3629 608 3676 4
625 3622 726 3691 incipit
744 3622 810 3677 eod.
833 3640 860 3691 p.
880 3630 938 3677 343.

592 3706 729 3776 5Supple
752 3725 836 3760 unum
858 3724 968 3761 versum
990 3726 1051 3762 oum
1075 3709 1198 3764 dimidio.
1235 3709 1332 3778 Neque
1355 3710 1442 3779 igitur
1465 3711 1568 3764 sufficit
1591 3729 1651 3764 cum

506 3792 660 3846 Niebuhrio
679 3791 812 3845 scribere:
831 3813 874 3846 res
892 3799 1016 3847 diversas.

469 3919 473 3926 .
591 3876 700 3930 oHaeo
719 3879 762 3930 est
778 3877 861 3931 lectio
879 3877 953 3931 Maii.
991 3878 1034 3932 Du
1052 3879 1123 3933 Rieu
1141 3879 1223 3934 vidit:
1248 3886 1411 3949 nooiqassent
1429 3923 1650 3935 .........

507 4005 512 4015 .
534 4006 539 4016 .
561 3960 785 4015 omnemne
807 4005 1053 4018 ..........
1077 3969 1193 4032 ἤλαεαν.
1230 3965 1328 4032 ltaque
1351 3965 1521 4019 Frontonem
1544 3965 1653 4018 dedisse

506 4046 642 4116 suspicor:
661 4049 731 4113 μετὰ
749 4052 834 4114 adsue,
853 4054 893 4101 oui
910 4055 950 4102 rei
968 4054 1143 4118 noviomam.-
1167 4053 1274 4117 ἤλαεαν
1292 4053 1344 4103 eet.
1370 4051 1430 4104 Hac
1447 4050 1557 4105 ratione
1577 4051 1653 4116 quin-

506 4149 622 4198 queres
641 4133 817 4189 constabunt.
853 4132 943 4187 Maius
960 4133 988 4187 in
1007 4133 1058 4188 Ed.
1077 4133 1188 4187 Mediol.
1206 4135 1265 4189 fere
1284 4135 1382 4188 eodem
1400 4135 1492 4190 modo.

591 4223 606 4272 7
625 4216 692 4271 eod.
709 4234 751 4285 pr.
771 4235 807 4271 m.
822 4225 970 4272 consimiles.

590 4309 606 4356 8
625 4302 730 4356 Codex:
749 4312 776 4355 nt
795 4323 868 4371 qaae.

590 4393 606 4440 9
623 4389 667 4440 An
687 4393 835 4442 Haemone?
860 4388 1070 4457 Peerlkampius
1087 4388 1116 4442 in
1129 4389 1226 4444 Horat.
1246 4389 1304 4444 sat.
1323 4406 1350 4458 p.
1364 4396 1397 4445 38
1414 4389 1497 4458 legit:
1517 4396 1549 4443 de
1569 4395 1653 4444 Inone

505 4483 530 4525 et
549 4476 669 4526 Adonide
691 4502 718 4510 -
738 4477 844 4526 iterare.

574 4563 606 4610 10
623 4555 699 4610 Haec
718 4557 856 4610 sententia
877 4558 905 4610 in
923 4559 1002 4610 textu
1019 4558 1116 4627 periit,
1142 4559 1190 4613 sed
1212 4562 1332 4629 apparet
1354 4560 1382 4612 in
1405 4558 1540 4627 margine.
1579 4560 1653 4613 'l'mn

504 4640 602 4710 incipit
614 4643 703 4695 altera
716 4641 851 4708 columna,
865 4659 936 4710 quae
949 4644 1046 4711 nequit
1057 4644 1113 4712 legi
1125 4648 1238 4713 praeter
1250 4643 1460 4698 adnotationem
1472 4643 1501 4695 in
1514 4645 1653 4712 margine.

469 4730 471 4735 ’
575 4732 603 4780 11
623 4725 795 4779 Ecksteinius
814 4727 926 4781 coniicit
943 4735 1110 4796 eloquentiae.
