4142 5659
791 674 840 727 AD
858 673 992 728 amicos
1013 675 1159 728 LIBERI.

559 928 643 994 vll.
680 929 816 995 Fronto
839 927 981 996 Aufidio
1003 930 1190 997 Victorino
1214 926 1389 997 Salutem.

484 1067 672 1130 Antoninus
700 1065 833 1151 Aquila¹
855 1067 904 1131 vir
926 1067 1037 1130 doctus
1060 1070 1109 1130 est
1131 1070 1163 1131 et
1184 1068 1352 1142 facundus.
1398 1068 1487 1144 Quod
1510 1073 1545 1133 tu

400 1169 502 1232 dicas:
532 1169 692 1232 audistine
708 1191 780 1233 eum
803 1169 1107 1233 declamitantem²?
1129 1192 1194 1233 non
1216 1171 1338 1234 medius
1360 1171 1454 1234 fidius
1476 1171 1545 1255 ipse

400 1272 521 1354 audivi,
552 1272 607 1334 sed
631 1272 749 1335 credidi
772 1271 1016 1335 adfirmantibus
1049 1272 1082 1334 id
1107 1272 1299 1335 doctissimis
1328 1276 1360 1336 et
1388 1273 1545 1337 honestis-

400 1374 488 1436 simis
517 1376 549 1436 et
577 1373 658 1436 mihi
681 1373 853 1446 carissimis
880 1374 972 1456 viris,
1002 1395 1080 1456 quos
1109 1377 1141 1437 et
1168 1374 1309 1438 iudicare
1337 1378 1424 1438 recte
1452 1397 1545 1458 posse

323 1518 325 1522 -
400 1478 492 1539 etex
516 1475 615 1538 animi
638 1477 801 1539 sententia
822 1476 1043 1539 testimoninm
1065 1476 1233 1558 perhibere
1257 1479 1342 1539 certo
1364 1478 1439 1540 scio.
1482 1477 1545 1541 Ve-

399 1577 470 1657 lim,
496 1577 639 1658 domine,
667 1579 704 1641 ut
727 1577 856 1641 adiuves
879 1600 967 1659 eum,
992 1598 1055 1661 quo
1076 1577 1204 1641 facilius
1225 1581 1261 1641 in
1285 1578 1415 1642 civitate
1439 1579 1546 1663 aliqua
1646 1610 1655 1615 “

399 1679 492 1742 istius
524 1679 727 1762 prouinciae3
755 1678 882 1762 publice
916 1679 1123 1742 instituendis
1158 1680 1415 1743 adulescentibus
1445 1681 1545 1744 adsci-

400 1786 517 1845 scatur.
549 1781 697 1865 Impense
719 1782 805 1844 istud
827 1804 846 1844 a
867 1785 900 1845 te
922 1785 1013 1864 peto:
1035 1781 1183 1844 fautum⁴
1206 1782 1292 1845 enim
1314 1782 1451 1865 Aquilae
1473 1783 1545 1845 volo

400 1883 529 1947 honoris
552 1904 661 1946 eorum
690 1905 801 1964 causa,
833 1884 885 1967 qui
915 1905 973 1966 pro
996 1904 1032 1945 eo
1055 1883 1194 1945 studiose
1216 1883 1380 1947 laborant:
1416 1906 1477 1948 nec
1498 1884 1546 1948 ita

400 1987 427 2048 ei
451 1985 618 2048 studerent
633 1985 787 2068 profecto,
812 1985 896 2048 nisi5
912 1985 1046 2068 dignum
1068 1986 1160 2047 tanto
1176 1985 1281 2048 studio
1297 1985 1545 2069 arbitrarentur,

399 2109 468 2170 nec,
493 2087 557 2150 nisi
578 2086 764 2151 facundiam
779 2087 846 2149 eius
862 2107 1059 2170 magnopere
1074 2086 1258 2168 probarent,
1282 2086 1342 2149 tibi
1366 2109 1438 2150 eum
1462 2109 1545 2151 com-

399 2189 570 2252 mendane6
585 2192 754 2272 tantopere
776 2188 988 2272 postularent,
1013 2209 1109 2271 quom
1124 2190 1156 2250 te
1172 2187 1397 2272 gravissimum
1415 2192 1448 2251 et
1470 2210 1544 2272 pru-

399 2291 623 2354 dentissimum
645 2291 801 2354 iudicem⁷
819 2312 890 2353 cum
912 2289 1047 2353 aliarum
1068 2311 1185 2372 rernm,
1208 2293 1278 2352 tum
1300 2290 1351 2353 vel
1372 2292 1544 2374 praecipue

400 2392 600 2476 eloquentiae
623 2395 736 2457 sciant.
782 2391 853 2477 Ego
876 2383 950 2456 vero
973 2394 1071 2455 etiam
1092 2391 1242 2455 nomine8
1258 2392 1397 2455 hominis
1418 2392 1512 2456 faveo
1520 2406 1543 2475 ³,

399 2498 434 2558 ut
457 2495 499 2557 sit
521 2495 669 2575 ῥητόρων
692 2495 828 2578 dorcroc,
851 2494 1152 2578 quoniamquidem
1168 2494 1287 2577 Aquila
1310 2494 1500 2577 appellatur.

571 2663 676 2729 VIII.
720 2664 858 2767 Eronto
880 2663 1051 2729 Passieno
1073 2663 1170 2729 Rufo
1193 2660 1369 2730 Salutem.

483 2800 641 2864 Aemilius
664 2800 740 2864 Pius
770 2821 841 2864 cum
870 2800 1088 2885 studi0l⁹rum
1116 2801 1293 2885 elegantia,
1323 2804 1393 2864 tum
1420 2823 1544 2865 morum

400 2902 515 2965 eximia
537 2902 698 2986 probitate
722 2901 801 2966 mihi
818 2923 910 2965 carus
933 2904 991 2964 cst.
1026 2901 1220 2966 Commendo
1243 2924 1315 2965 eum
1337 2902 1408 2985 tibi,
1431 2903 1542 2966 frater.

399 3003 467 3068 Nec
495 3004 610 3088 ignoro
642 3005 767 3068 nullum
789 3004 893 3067 adhuc
920 3005 1006 3067 inter
1035 3026 1095 3067 nos
1127 3007 1253 3066 mutuo·
1271 3003 1545 3067 scribtitantem¹⁰

484 3247 553 3296 ala
570 3247 694 3311 mnrpine:
721 3240 813 3295 Faveo
831 3241 880 3294 illa
896 3257 935 3294 re.

485 3469 497 3516 1
517 3463 619 3532 Aquila
636 3462 749 3517 natione
771 3463 878 3532 galata,
902 3461 1051 3530 discipulus
1069 3459 1190 3528 Chresti,
1213 3461 1310 3515 rhetor
1331 3460 1544 3530 probatissimus

400 3548 483 3629 apud(
492 3547 693 3601 Philostratum
710 3547 739 3600 in
759 3546 882 3600 Chresto.
919 3545 1050 3614 Aquilam
1068 3548 1209 3600 oratorem
1231 3544 1300 3599 citat
1318 3544 1482 3600 Consentius
1500 3546 1542 3599 ed.

400 3630 510 3686 Puts'ch.
530 3651 558 3702 p.
572 3637 647 3686 2026.
669 3632 786 3700 Aquilae
799 3631 918 3685 ltomani
935 3631 1071 3684 habemus
1088 3631 1215 3684 libellum
1228 3637 1259 3684 de
1273 3637 1364 3700 fipums
1377 3632 1428 3685 cet.
1449 3636 1544 3685 Maius.
1593 3655 1595 3660 ¹

485 3724 500 3770 ’2
518 3717 563 3770 Ita
581 3715 683 3784 Coderr,
702 3733 758 3770 non
776 3723 963 3771 declamantem.

485 3808 500 3855 3
518 3801 688 3855 Litterarum
705 3800 734 3853 in
753 3800 844 3855 Gallia
861 3801 939 3855 sedes
957 3801 1107 3854 seeundum
1123 3800 1271 3855 Frontonis
1289 3801 1363 3870 apud
1381 3801 1411 3854 P.
1426 3800 1544 3855 Consen-

399 3885 470 3939 tium
487 3887 677 3954 fragmentum
694 3885 788 3939 Remis
806 3885 1015 3954 (Durocortoro)
1034 3885 1144 3938 videtur
1161 3885 1254 3938 fuisse.
1291 3886 1415 3939 Aufidius
1431 3903 1544 3955 praeses

400 3972 461 4024 erat
478 3970 506 4022 in
525 3970 676 4024 Germania
693 3972 827 4024 Romana.
865 3974 1026 4025 Niebotriaa.
1234 3979 1236 3983 ·

483 4062 500 4108 4
519 4055 625 4110 Codex:
642 4061 745 4123 factam.
781 4053 908 4109 Correxit
925 4055 1108 4108 Heindorfius.

485 4145 500 4194 5
518 4140 585 4194 Cod.
604 4158 646 4210 pr.
666 4159 703 4193 m.
719 4145 899 4208 profectionis,

485 4230 501 4278 6
518 4225 548 4279 F.
569 4230 745 4280 commendari.
782 4230 942 4280 Niebubrius.

485 4316 498 4364 7
518 4311 620 4365 Recole
639 4310 676 4365 ad
692 4310 729 4363 M.
750 4302 961 4364 Caesarem‘lV.
982 4317 1021 4364 13.
1058 4313 1154 4362 Maiae.

484 4400 500 4449 8
518 4395 707 4450 Heindorfiust
727 4402 820 4449 nomini
836 4394 881 4450 vel
898 4393 1120 4448 subaudiendum
1137 4397 1170 4446 ei.

484 4487 500 4535 9
518 4480 620 4551 Incipit
637 4480 704 4535 Cod.
723 4499 750 4549 p.
770 4487 828 4548 320,
847 4480 972 4534 obscura.

468 4571 500 4620 10
517 4566 562 4620 Ita
580 4564 681 4619 Codex.
717 4565 919 4635 Reponendum
936 4568 1101 4618 sembritarum·
1117 4563 1160 4616 vel
1177 4566 1379 4616 scriblitmuium.
1409 4561 1468 4614 Hoc
1486 4580 1543 4616 ma·

400 4653 459 4706 vult
476 4651 661 4718 Heindorfins,
678 4649 800 4703 laudatis
818 4649 906 4710 Tacit.
926 4649 1025 4703 Annal.
1039 4649 1073 4701 ll.
1089 4655 1116 4714 13
1134 4647 1205 4700 Hist.
1219 4648 1239 4700 l.
1253 4653 1281 4712 43
1298 4640 1392 4715 Agric.
1405 4645 1462 4700 Vit.
1477 4664 1499 4700 e.
1513 4653 1542 4712 43

399 4737 470 4791 Dial.
491 4737 525 4791 dc
544 4737 621 4791 Orat.
641 4742 682 4790 29.
719 4737 870 4789 Praeterea
887 4734 915 4787 in
934 4732 1034 4788 Codice
1053 4752 1094 4802 pr.
1114 4752 1150 4786 m.
1168 4732 1212 4786 bis
1231 4731 1342 4801 scripsit
1358 4751 1435 4786 mrim.

1277 4818 1340 4882 12*
1441 4846 1443 4849 ·
