4142 5659
750 707 890 762 LAUDES
913 709 1001 763 FUMI
1019 709 1066 762 ΕΤ
1084 710 1280 766 Puuvnars
1521 717 1584 781 213

434 877 591 941 iocularia
613 881 749 961 austere,
773 878 870 942 fortia
892 877 1038 944 hilariter
1061 880 1214 944 dicenda¹
1239 932 1581 949 ...........

436 1028 646 1042 .......
657 979 683 1064 12
708 1030 715 1043 .
742 1029 749 1042 .
776 1030 783 1042 .
807 981 902 1043 Modo
924 981 1015 1045 dulce
1037 981 1117 1045 illud
1139 983 1362 1067 incorruptum
1385 985 1428 1048 sit
1447 987 1503 1050 ac³
1525 1009 1582 1070 pu·

434 1079 553 1162 dicum,
578 1080 796 1144 Tusculanum
819 1080 874 1144 334
897 1081 1192 1180 101110111112Q
1203 1083 1335 1149 Catonis
1358 1090 1391 1149 et
1406 1085 1581 1151 Herodoti⁵

437 1230 612 1245 ......
659 1182 698 1245 13
726 1184 813 1246 omni
841 1204 876 1246 re
903 1183 1031 1247 facilius
1059 1189 1108 1248 est
1135 1186 1293 1248 rationem
1327 1186 1460 1251 docendi
1488 1211 1581 1252 nosse

368 1319 370 1323 ·
434 1306 532 1368 quam
554 1285 619 1346 vim
641 1279 759 1367 agendi
782 1285 948 1355 obtinere⁶
965 1335 1154 1350 ........
1179 1289 1227 1350 est
1249 1288 1368 1352 multus
1386 1338 1522 1352 ......
1546 1312 1581 1354 re

395 1453 398 1460 ,
434 1385 482 1449 sic
504 1387 554 1448 est
576 1386 631 1469 qui
648 1373 776 1469 J⁷sicuti
797 1386 879 1449 bene
901 1386 982 1449 velle
1005 1409 1043 1451 ac
1066 1387 1146 1451 bene
1168 1389 1309 1472 precari,
1333 1412 1414 1472 quae
1436 1412 1488 1454 res
1504 1412 1580 1455 voce

435 1487 606 1570 animoque
628 1487 698 1550 sine
721 1487 835 1570 opibus
856 1491 1118 1571 perpetrantur&

520 1587 626 1671 Igitur
658 1592 695 1652 ut
721 1590 855 1672 quisque
870 1611 917 1658 ,se
946 1589 1215 1674 benignissimum
1243 1592 1438 1675 praestabit,
1473 1595 1520 1656 ita
1552 1594 1580 1657 is

433 1690 588 1773 plurimos
610 1689 765 1753 laudabit.
812 1690 880 1754 Nec
909 1693 1038 1754 tantum
1060 1712 1123 1773 333,
1154 1713 1232 1775 quos
1255 1693 1309 1756 alii
1332 1715 1455 1777 quoque
1480 1694 1580 1758 laudi-

433 1792 493 1855 bus
517 1794 593 1854 ante
622 1791 857 1874 decoraverint,
888 1813 999 1855 verum
1026 1793 1197 1875 conquiret
1224 1793 1298 1857 deos
1327 1797 1360 1858 et
1387 1797 1533 1859 homines
1561 1820 1581 1859 a

434 1897 611 1957 ceterorum
639 1892 788 1956 laudibus
821 1893 1040 1956 relictissimos
1074 1894 1182 1978 ibique
1210 1896 1340 1979 signum
1366 1896 1579 1981 benignitatis

433 1998 609 2077 expromat.
655 1993 700 2057 Ut
723 1994 865 2078 agricola
888 2016 1000 2078 agrum
1023 1996 1183 2059 intactum
1206 1997 1232 2059 si
1257 2000 1413 2080 conserat,
1443 1998 1578 2061 laborio-

432 2118 487 2160 sus
509 2099 572 2178 est3
596 2096 754 2177 sacerdos,
777 2096 803 2158 si
821 2099 899 2178 aput
913 2096 1025 2159 fanum
1041 2098 1201 2161 desertum
1223 2101 1256 2161 et
1278 2098 1385 2161 avium
1408 2099 1576 2180 sacrificet,

432 2198 600 2282 religiosus
624 2197 705 2261 esth.

517 2299 668 2362 Laudabo
704 2300 805 2383 igitur
843 2299 917 2362 deos
950 2300 1170 2383 infrequentes
1205 2301 1333 2384 quidem
1366 2323 1385 2362 a
1417 2298 1575 2381 laudibus,

431 2424 543 2466 verum
573 2401 608 2464 in
635 2411 694 2465 usu
723 2401 872 2484 cultuque
900 2400 1042 2464 humano
1068 2401 1359 2485 frequentissimos,
1392 2399 1517 2462 fumum
1545 2404 1577 2464 et

431 2503 612 2586 pulverem,
637 2502 707 2565 sine
730 2503 800 2586 quis
823 2524 926 2584 neque
949 2505 1042 2565 asae³
1070 2516 1173 2586 neque
1201 2503 1263 2565 foci
1290 2521 1351 2563 333
1377 2501 1463 2583 viae,
1494 2500 1577 2583 quod

371 2648 375 2665 f
431 2604 526 2689 volgo
550 2605 652 2686 aiunt,
676 2625 737 2667 nec
759 2603 892 2666 semitae
914 2607 1123 2687 usurpantur.

516 2704 635 2780 Quodsi
650 2705 721 2788 quis
735 2705 796 2768 hoc
811 2705 950 2787 primum
966 2705 1131 2788 ambigit⁹‚
1154 2701 1361 2766 habendusne
1372 2702 1397 2742 ¹⁰
1412 2702 1455 2766 sit
1468 2703 1576 2767 fumus

430 2810 465 2872 in
487 2828 621 2871 numero
649 2806 794 2887 deorum,
826 2806 946 2890 cogitet
972 2809 1084 2869 ventos
1112 2825 1235 2887 quoque
1262 2803 1297 2866 in
1324 2802 1417 2866 deum
1443 2827 1576 2869 numero

430 2910 557 2991 haberi,
588 2929 731 2991 quaeque
753 2909 830 2970 sunt
850 2907 939 2970 fumo
962 2904 1151 2984 simillimae,
1175 2902 1310 2966 nebulas
1332 2905 1497 2988 nubesque
1518 2929 1574 2989 pu-

430 3012 494 3075 tari
516 3011 591 3073 deas
614 3011 647 3071 et
668 3007 819 3072 incaelo
842 3006 999 3088 conspici,
1029 3009 1077 3085 et,
1105 3007 1142 3066 ut
1164 3006 1278 3086 poetae
1305 3005 1425 3088 ferunt,
1450 3007 1574 3070 amiciri

431 3113 506 3176 deos
528 3109 670 3174 nubibus
679 3124 699 3190 ⁰,
725 3112 757 3171 et
778 3108 845 3170 Iovi
868 3104 1047 3186 Iunonique
1071 3104 1263 3167 cubantibus
1286 3105 1405 3168 nubem
1428 3106 1468 3168 ab
1491 3107 1574 3170 arbi-

431 3251 634 3265 Μ...-

494 3333 535 3393 χ3
552 3319 586 3368 In
604 3315 728 3379 marytre.-
752 3325 767 3372 e
787 3347 978 3359 ........
1001 3305 1031 3357 ni
1054 3307 1097 3358 cst
1118 3306 1207 3359 multa
1231 3349 1236 3358 .
1257 3349 1277 3361 „
1282 3347 1396 3360 .....
1419 3323 1449 3360 re
1471 3307 1510 3361 sic
1532 3311 1574 3362 est

430 3403 479 3473 qui
492 3402 564 3456 sicut
581 3399 652 3451 bene
663 3392 740 3449 'velle
752 3396 781 3445 et
798 3391 870 3444 bene
888 3390 1015 3458 praecari
1034 3404 1106 3456 quae
1125 3404 1170 3442 res
1188 3405 1255 3444 voce
1274 3389 1423 3458 animoque
1442 3391 1501 3446 sine
1519 3410 1572 3462 ope

428 3472 616 3560 perpetratur.
642 3540 647 3545 ,

512 3570 531 3622 b
549 3571 583 3618 In
600 3566 726 3629 marpine:
760 3559 893 3626 Agricola
910 3557 1108 3626 —religiosus
1127 3560 1176 3612 est.

514 3668 529 3704 3
546 3654 580 3702 Ia
597 3651 723 3716 nzarpine:
758 3644 796 3697 Ut
813 3644 915 3712 poetae
933 3673 967 3681 —
984 3642 1113 3696 nubibus.

514 3817 526 3864 1
547 3810 691 3867 Sententia
710 3830 725 3866 3
743 3812 877 3881 margine,
896 3828 980 3879 quam
997 3812 1087 3866 Maius
1105 3812 1235 3881 expedire
1254 3829 1309 3865 non
1326 3813 1426 3882 potuit.

512 3903 528 3950 2
547 3894 677 3962 Sequitur
694 3896 760 3951 Cod.
780 3914 806 3965 p.
821 3901 879 3963 254,
898 3913 979 3951 erasa
996 3897 1110 3965 praeter
1127 3914 1216 3965 pauca
1234 3897 1373 3964 quaedam
1389 3898 1417 3952 in
1436 3899 1570 3968 margine.

512 3982 635 4037 3Maius
653 3993 685 4035 et.

512 4067 635 4121 4Maius
654 4079 686 4120 et.

513 4156 529 4206 5
547 4150 692 4205 Sententia
710 4167 724 4204 e
743 4148 876 4217 margine.

512 4241 528 4287 a
547 4234 692 4297 Sententia
710 4251 725 4288 3
743 4233 876 4302 margine.

431 4358 434 4362 -
513 4319 647 4388 'llncipit
665 4319 730 4373 cod.
750 4337 777 4387 p.
797 4325 855 4373 253.

513 4410 529 4457 8
548 4403 588 4457 cf.
611 4404 680 4458 Gell.
699 4403 746 4457 IV.
766 4409 789 4457 3.
825 4402 949 4458 Macrob.
969 4401 1078 4456 Saturn.
1098 4403 1145 4455 ΙΙΙ.
1165 4408 1189 4455 2.
1209 4401 1284 4455 Serv.
1304 4402 1342 4455 ad
1358 4403 1427 4456 Aen.
1446 4403 1492 4456 IV.
1512 4410 1570 4459 219.

426 4494 523 4543 31333.
555 4487 731 4543 Ecksteinius
750 4487 829 4541 addit
846 4486 939 4551 Quint.
958 4488 1021 4540 124.
1043 4493 1074 4541 13
1097 4502 1112 4540 3
1131 4485 1199 4540 coni.
1216 4481 1218 4484 ’
1242 4485 1347 4555 Sarpii,
1366 4504 1449 4555 quam
1467 4489 1571 4556 probat

425 4574 613 4628 Buttmanuus
630 4573 659 4626 in
677 4572 820 4642 Spalding.
840 4570 932 4637 ouius.
952 4571 984 4624 T.
1003 4570 1042 4625 IV
1059 4590 1085 4640 p.
1105 4571 1150 4624 XI.

513 4665 528 4713 9
547 4658 652 4712 Codex:
672 4661 757 4713 abicit.

497 4750 529 4798 10
547 4742 652 4798 Codex:
675 4745 841 4796 habendusne.
