4142 5659
539 682 588 736 AD
606 681 735 736 VERUM
752 681 875 736 IMPRR.
894 681 1084 736 AURELIUM
1103 680 1296 735 CAESAREM
1313 681 1422 736 LIBER
1439 682 1472 735 Π.
1526 684 1586 748 125

1126 858 1253 917 Insidiis
1273 877 1366 936 saepe
1382 866 1483 917 autem
1499 867 1529 917 et

1481 948 1501 975 ΠΙ

1127 992 1388 1051 coniurationibus
1404 1014 1458 1053 ace
1477 1040 1482 1050 .
1502 1040 1508 1050 .

1125 1078 1193 1135 aliis
1209 1078 1370 1154 imperium
1382 1077 1421 1136 ed
1439 1124 1445 1136 .
1465 1124 1471 1135 .
1490 1123 1496 1135 .
1515 1123 1521 1135 .
1540 1077 1578 1149 de

1126 1162 1292 1220 lata....se
1310 1152 1578 1221 ..SSRDNERIS
1608 1199 1610 1203 .

539 1361 830 1423 enarrassem

538 1447 793 1526 Aournannr

431 1866 459 1949 1³
486 1914 492 1926 .
520 1914 526 1927 .
553 1914 559 1926 .
587 1913 593 1926 .
617 1864 687 1927 Iam
704 1863 783 1928 Cato
799 1863 992 1948 Hispaniam
1014 1865 1236 1947 recuperabat,
1260 1864 1325 1926 iam
1348 1863 1512 1927 Gracchus
1534 1866 1578 1926 lo·
1627 1947 1629 1951 .

431 1965 530 2028 cahat
561 1966 674 2028 Asiam
704 1969 737 2029 et
758 1964 996 2049 Karthaginem
1017 1964 1138 2030 viritim
1166 1965 1346 2028 dividebat⁴
1371 2015 1577 2029 .......
1638 1994 1641 2000 ·

431 2067 479 2128 Μ.
503 2065 627 2130 Tullius
655 2088 814 2129 summum
837 2087 1104 2149 supraemumque
1131 2087 1166 2128 os
1189 2087 1340 2130 romanae
1363 2067 1494 2150 linguae
1515 2067 1579 2129 fuit

432 2217 575 2230 .....
602 2168 627 2252 15
652 2217 659 2231 .
686 2217 692 2230 .
719 2217 725 2230 .
750 2168 862 2250 vellet,
886 2167 1128 2251 Cicero-autem
1149 2166 1356 2249 modulatius3
1384 2188 1440 2230 vos
1462 2168 1578 2230 utrius-

430 2269 515 2350 que⁶
538 2290 669 2352 operam
691 2271 857 2352 gestantes
879 2272 1069 2333 mehercules
1090 2276 1121 2332 io
1143 2269 1228 2330 viam
1250 2267 1389 2331 reditis⁷.

520 2454 537 2490 a
556 2441 589 2489 In
601 2442 729 2504 marpine:
747 2435 890 2503 Plerisque
904 2436 989 2491 etiarn
1001 2435 1122 2504 indignis
1134 2441 1267 2505 paternus
1279 2436 1355 2488 locus
1367 2435 1515 2504 imperium
1527 2452 1578 2505 per
1631 2485 1635 2493 ,

430 2538 530 2574 manus
548 2519 660 2573 detulit:
678 2520 748 2574 haut
766 2537 843 2575 secus
861 2538 946 2588 quarn
963 2520 1046 2590 pullis
1065 2519 1171 2586 avibus,
1190 2521 1289 2587 quibus
1301 2520 1394 2573 omnia
1411 2520 1521 2588 generis
1539 2521 1579 2572 in·

430 2603 535 2672 signia,
555 2603 639 2657 crista
657 2606 685 2658 et
702 2605 798 2673 pluma
817 2607 845 2659 et
863 2606 959 2659 cantus
978 2606 1006 2657 et
1023 2604 1136 2673 vigiliae
1153 2605 1266 2673 praesto
1285 2608 1355 2658 sunt.

516 2689 626 2757 Regum
648 2688 701 2742 bl.
723 2732 728 2742 .
752 2732 757 2742 .
779 2732 784 2741 .
813 2690 946 2756 (excidere
969 2700 1078 2757 picatuor
1103 2696 1142 2743 vel
1159 2694 1267 2757 quinque
1285 2691 1416 2756 vocabula)
1442 2688 1472 2741 in
1498 2689 1577 2742 utero

430 2772 531 2826 matris
550 2789 659 2826 summa
676 2772 733 2827 iam
750 2774 876 2842 potestas
899 2773 1040 2827 destinata
1062 2775 1115 2828 est:
1146 2773 1302 2828 obstetricis
1324 2791 1415 2835 manu⁴
1430 2772 1578 2841 imperium

431 2856 633 2926 adipiscuntur.
1431 2924 1432 2927 Ἴ

517 2942 593 2995 Inter
614 2942 734 2995 Remum
757 2943 786 2996 et
807 2941 957 2995 Romulum
981 2941 1096 2995 diversis
1117 2942 1260 2995 montibus
1288 2954 1451 3010 augurantes
1469 2962 1528 2995 aves
1546 2948 1578 2995 de

336 3092 340 3097 Ι
431 3043 527 3080 rerum
545 3043 653 3079 summa
669 3025 866 3082 iudicaverunt.
891 3031 927 3080 Et
945 3042 1055 3094 regnum
1072 3027 1214 3080 Persarum
1234 3068 1347 3080 .....
1367 3043 1450 3093 equm
1469 3069 1474 3080 .
1495 3069 1500 3080 .
1523 3067 1528 3078 .
1550 3068 1577 3079 ..

431 3109 491 3163 sois
503 3111 645 3179 seponet⁸)
659 3153 664 3163 .
680 3153 685 3164 .
699 3126 756 3163 non
775 3127 857 3163 cursu
876 3109 925 3164 sed
944 3130 1063 3178 equorum
1080 3109 1173 3178 priore
1190 3109 1273 3163 innita
1287 3152 1522 3163 ..........
1541 3124 1581 3178 pe

520 3236 685 3249 .......
704 3194 1203 3248 ni.a...n....umttu...

504 3284 611 3347 Legitur
627 3289 767 3347 praeterea
786 3283 811 3331 in
829 3285 877 3333 imo
895 3284 1022 3348 marpine:

538 3405 839 3417 ............
858 3363 954 3416 ventia

537 3491 542 3501 .
563 3491 568 3501 .
590 3490 595 3500 .
614 3446 668 3501 ista
686 3446 825 3501 dimineen
843 3448 918 3501 sorte

537 3548 634 3586 aversa
651 3531 681 3584 in
700 3548 753 3585 avv
773 3575 777 3586 .
798 3576 803 3586 .
826 3576 830 3586 .
851 3549 902 3586 ran

537 3633 605 3670 ser.
627 3660 632 3670 .
653 3660 659 3670 .

522 3792 534 3838 1
557 3785 659 3854 Incipit
677 3785 767 3843 altera
785 3785 921 3840 columna.
959 3783 1089 3840 Ceterum
1107 3787 1138 3838 ut
1156 3785 1236 3853 alibi,
1256 3785 1296 3840 sic
1312 3785 1358 3840 hic
1376 3802 1486 3854 quoque
1505 3785 1579 3853 quod

434 3868 573 3938 supplevi,
592 3868 713 3939 expressi
730 3869 832 3924 litteris
849 3869 959 3937 italicis,
978 3887 1049 3937 quae
1068 3870 1205 3924 dicuntur.

520 3960 535 4005 2
553 3952 684 4020 Sequitur
704 3953 771 4009 Ood.
791 3955 887 4008 Ambr.
907 3944 941 4022 p.
953 3946 1011 4020 419,
1030 3971 1101 4021 quae
1119 3957 1182 4009 tota
1199 3955 1314 4009 interiit.

520 4044 535 4093 3
553 4038 683 4105 Sequitur
702 4037 768 4093 Cod.
788 4039 884 4092 Ambr.
903 4056 931 4108 p.
949 4044 1011 4104 418,
1031 4037 1062 4091 in
1083 4056 1138 4106 qua
1154 4041 1264 4093 tantum
1283 4039 1354 4093 duae
1370 4041 1501 4109 prostant
1520 4056 1579 4094 sen-

433 4122 540 4176 tentiae
557 4123 586 4178 in
603 4123 739 4192 margine.
1042 4143 1048 4153 ·

519 4214 535 4261 4
553 4209 587 4260 cf.
600 4207 740 4260 Plutarch.
754 4207 931 4273 inGracchis,
944 4206 1030 4262 Cicer.
1038 4209 1063 4260 ΙΙ
1075 4207 1105 4260 in
1116 4208 1188 4261 Rull.
1199 4215 1237 4274 19,
1252 4208 1416 4277 deRep.Ill.
1427 4213 1579 4262 29.-Muius.

519 4297 535 4344 5
552 4289 655 4360 Incipit
673 4290 739 4344 Cod.
758 4291 855 4344 Ambr.
874 4310 901 4360 p.
921 4297 979 4358 417,
997 4293 1142 4360 perforata
1160 4296 1189 4346 et
1206 4291 1347 4346 lacunosa.

519 4381 534 4428 6
552 4375 659 4429 Codex:
678 4373 844 4440 U.RIUSQ.:
867 4393 1017 4446 perperam
1034 4375 1136 4430 Maius:
1160 4382 1297 4445 virtusque.

519 4465 534 4514 7
552 4459 642 4513 Aliter
658 4457 762 4526 Maius,
786 4459 835 4513 sed
851 4475 1013 4529 perperam3
1035 4459 1066 4512 in
1084 4460 1292 4529 supplementis,
1311 4476 1382 4527 quae
1400 4460 1518 4516 exhibeo
1536 4462 1581 4516 lit-

433 4532 502 4596 teris
519 4543 629 4609 italicis‚
647 4545 756 4598 secutus
774 4562 834 4597 sum
852 4545 1014 4599 lacunarum
1027 4544 1127 4613 spatia.
1154 4543 1280 4613 Quinque
1296 4546 1456 4614 postremae
1467 4547 1581 4602 litterae

435 4627 509 4696 apud
525 4627 630 4680 Maium
647 4628 756 4682 desunt.

519 4717 534 4766 8
553 4710 677 4765 conicio:
691 4712 727 4765 Et
739 4729 856 4781 regnum
868 4712 1017 4768 Persarum
1026 4735 1089 4768 unus
1097 4730 1197 4784 regum
1210 4718 1266 4769 olim
1276 4713 1391 4768 tenuime
1399 4713 1517 4769 habetur
1527 4719 1579 4771 cet.
