4142 5659
515 651 576 713 146
725 650 762 702 Μ.
777 649 949 703 CORNELII
967 648 1175 703 FRONTONIS
1194 649 1451 702 EPISTULARUM

513 825 594 882 tae².
639 819 724 883 Nam
746 820 859 884 vinea¹
882 822 916 884 in
933 823 1029 884 unius
1051 822 1155 885 tutela
1176 821 1235 884 dei
1250 822 1326 883 sita:
1349 820 1565 903 eloquentiam
1587 842 1671 887 vero*

512 923 604 985 multi
626 923 659 985 in
685 922 771 986 eaelo
794 923 971 1007 diligrmtl:
995 923 1141 986 Minerva
1163 923 1318 986 orationis
1340 922 1512 1006 magistra,
1537 922 1662 984 11111111-

512 1025 578 1087 rius
600 1024 723 1088 nuntiis
744 1026 938 1108 praeditus²,
962 1025 1081 1108 Apollo
1102 1046 1263 1108 paeanum
1285 1028 1413 1105 auctor,
1437 1023 1534 1087 Liber
1556 1023 1663 1107 dithy-

461 1197 467 1205 ,
512 1126 695 1189 ramborum
718 1127 899 1210 cognitor3,
923 1126 1026 1189 Fauni
1049 1127 1299 1190 vaticinantium
1321 1126 1527 1207 incitatores,
1558 1127 1663 1209 magi-

512 1232 580 1291 stra
602 1227 733 1291 Homeri
757 1228 917 1311 Calliopa,
941 1228 1098 1312 magister
1120 1227 1208 1290 Enni
1231 1227 1391 1291 Homerus
1414 1230 1447 1290 et
1469 1226 1618 1290 Somnus,

596 1329 698 1392 Γ111114
721 1330 747 1392 si
774 1331 915 1407 studium
942 1329 1164 1413 philosophiae
1187 1330 1222 1392 in
1244 1330 1340 1393 rebus
1362 1332 1448 1392 esset
1469 1328 1547 1392 solis
1570 1351 1663 1392 occu-

512 1435 639 1515 patum,
667 1431 774 1493 minus
796 1432 941 1513 mirarer,
967 1431 1051 1514 quod
1072 1435 1166 1494 tanto
1186 1452 1283 1514 opere
1305 1432 1410 1496 verba
1426 1434 1661 1494 contemneres

512 1534 643 1596 Discere
664 1533 717 1595 te⁵
739 1537 846 1595 autem
869 1533 1029 1596 ceratinas
1053 1536 1085 1595 et
1107 1534 1222 1595 soritas
1238 1536 1271 1595 et
1290 1534 1537 1616 pseudomenus,
1562 1533 1662 1596 verba

513 1638 660 1698 contorta
684 1634 708 1717 11
730 1636 763 1695 11
784 1634 976 1715 fidicularia,
1007 1633 1181 1717 neglegere
1208 1655 1284 1697 vero
1306 1622 1429 1698 cultum¹
1450 1635 1607 1697 orationis
1631 1638 1664 1697 11

511 1737 704 1821 gravitatem
727 1738 759 1797 et
781 1736 982 1798 maiestatem
1004 1738 1036 1798 et
1058 1736 1199 1818 gratiam
1221 1739 1254 1798 et
1274 1737 1429 1818 nitorem,
1454 1735 1515 1799 hoe
1537 1737 1662 1799 indicat

513 1839 600 1921 loqui
621 1841 654 1900 te
676 1858 772 1920 quam
794 1836 898 1920 eloqui
926 1836 1020 1899 malle
1028 1851 1049 1916 ⁰,
1088 1860 1287 1902 murmurare
1308 1838 1416 1921 potins
1439 1841 1472 1901 et
1494 1838 1661 1922 friguttire
1750 1854 1753 1857 ’

514 1961 610 2023 quam
626 1930 790 2022 clangere
822 1937 954 2000 Diodori
976 1941 1012 2000 tu
1034 1942 1068 2001 et
1090 1939 1240 2003 Alexini⁷
1266 1940 1363 2003 verba
1384 1939 1491 2002 verbis
1514 1939 1661 2003 Platonis

514 2045 548 2105 et
569 2039 793 2123 Xenophontis
815 2044 848 2101 et
862 2038 1069 2102 Antisthenis
1085 2041 1280 2123 anteponis?
1309 2040 1355 2104 Ut
1369 2041 1470 2123 siquis
1486 2040 1661 2105 histrioniS
1760 2118 1762 2121 ι

514 2144 683 2223 studiosus,
708 2141 861 2204 Tasurci9
884 2145 979 2225 gestu
1000 2142 1109 2224 potius
1131 2164 1227 2225 quam
1249 2142 1358 2205 Roscii
1381 2144 1542 2205 uteretur:
1576 2145 1613 2205 ut
1635 2142 1662 2204 si

416 2314 419 2324 ¹
513 2246 548 2308 in
570 2244 713 2307 natando
719 2293 728 2325 ,
759 2243 786 2305 si
814 2264 914 2325 aeque
936 2242 1065 2325 liceret,
1097 2260 1210 2306 ranam
1238 2245 1465 2327 potiusquam
1492 2242 1661 2326 delphinos

515 2345 667 2409 aemulari
689 2344 838 2426 malletd,
874 2345 1072 2408 cotomicum
1098 2345 1206 2428 potius
1234 2345 1343 2428 pinnis
1370 2345 1542 2408 breviculis
1566 2367 1662 2428 quam

514 2447 693 2531 aquilarum
714 2447 881 2529 maiestate
903 2445 1047 2510 volitare.

598 2548 663 2612 Ubi
689 2547 768 2610 illud
791 2569 925 2611 acumen
947 2549 1063 2611 tuum?
1085 2548 1141 2611 ubi
1163 2547 1350 2631 suptilitas?
1393 2547 1525 2631 Evigila
1553 2550 1586 2611 et
1608 2548 1662 2610 ad-

513 2651 620 2732 tende,
644 2650 719 2733 quid
742 2650 851 2732 cupiat
872 2650 941 2732 ipse
957 2649 1165 2733 Chrysippus
1202 2649 1323 2713 Num¹⁰
1345 2652 1516 2713 contentus
1538 2652 1588 2712 est
1609 2649 1662 2711 do-

515 2773 596 2833 cere,
620 2772 687 2813 rem
709 2751 886 2833 ostendere,
911 2751 1055 2833 definire,
1079 2751 1276 2833 explanare?
1312 2773 1377 2814 non
1400 2755 1450 2813 est
1473 2753 1662 2813 contentus:

514 2874 624 2915 verum
646 2855 744 2935 auget
766 2853 977 2935 inquantum
998 2855 1135 2935 potesse,
1160 2856 1351 2936 exaggerat,
1376 2852 1577 2934 praemunit,
1602 2853 1662 2914 ite-

514 2957 565 3017 rat
571 3003 580 3036 ,
611 2954 734 3036 differt,
763 2954 915 3035 recurrit,
939 2954 1136 3037 interrogat,
1161 2955 1328 3037 describit,
1353 2953 1482 3036 dividit,
1507 2976 1663 3036 personas

599 3123 616 3159 1
635 3110 668 3158 In
685 3112 813 3174 marpine:
831 3105 1010 3158 Metuendam
1028 3122 1128 3158 censeo
1147 3105 1201 3159 div.
1220 3120 1301 3174 poen.
1321 3106 1393 3173 eloq.
1414 3111 1529 3158 exterm.

598 3191 616 3244 b
636 3195 669 3244 In
687 3197 799 3259 margine
817 3196 955 3244 interiore:
974 3229 981 3241 .
1000 3232 1005 3242 .
1027 3208 1109 3243 .rum
1126 3189 1156 3241 in
1174 3191 1252 3243 caelo
1270 3190 1459 3258 eloquentiam
1477 3190 1607 3259 diligunt.

598 3292 613 3328 e
631 3279 663 3328 In
681 3281 809 3344 marpine:
826 3274 940 3328 Discere
958 3276 1043 3327 cerat.
1063 3305 1097 3313 —
1114 3274 1174 3340 fid.;
1193 3275 1298 3327 cultum
1316 3291 1382 3328 vero
1402 3277 1472 3328 orat.
1492 3279 1521 3327 et
1539 3275 1662 3342 gratiam

513 3338 744 3427 nraiestatenique
762 3360 913 3427 neglegere
931 3357 984 3411 hoc
1002 3358 1108 3412 indicet
1125 3390 1192 3397 --
1210 3359 1301 3412 malle.

598 3444 616 3496 d
634 3441 673 3496 Inss
685 3450 812 3511 mar-pines
829 3443 1004 3495 Murmurare
1022 3442 1052 3495 et
1068 3443 1132 3510 frig.
1152 3461 1179 3511 q.
1200 3443 1393 3511 clangere:·in
1412 3444 1537 3497 natando
1557 3444 1581 3496 si
1598 3444 1661 3498 lice-

512 3530 555 3582 ret
573 3545 670 3595 aeque,
687 3545 786 3581 ranam
804 3529 854 3580 aut
872 3526 1018 3594 delphinos
1036 3527 1131 3595 potius
1149 3527 1317 3581 imitaretur.

598 3629 613 3665 e
632 3617 665 3666 In
683 3619 810 3679 marpinc:
827 3611 898 3664 Mire
917 3611 951 3665 de
969 3611 1083 3679 ingenio
1102 3611 1259 3681 Chrysippi.

599 3764 621 3817 1x
631 3765 817 3817 Buttmannus
837 3764 943 3818 mavult
960 3772 1026 3818 vina.
1060 3765 1210 3818 Praeterea
1229 3764 1296 3818 Cod.
1315 3784 1356 3834 pr.
1377 3785 1413 3818 m.
1433 3772 1547 3833 dilipent.

600 3856 615 3902 2
634 3848 673 3902 Cf.
694 3849 730 3902 ad
747 3848 783 3901 M.
804 3848 881 3902 Caes.
901 3848 947 3900 Ill.
966 3856 990 3903 9.

482 3944 483 3947 ’
598 3941 613 3987 3
630 3933 818 3986 Heindorfius:
836 3939 962 3988 eonditor.

596 4023 612 4069 4
630 4018 815 4072 Buttmannus
833 4018 939 4072 mavult
958 4029 1047 4072 temen.

597 4103 674 4157 5111
692 4101 797 4168 Codex3
817 4118 869 4156 om.
889 4103 986 4159 Maius.

597 4193 613 4240 6
631 4186 733 4256 Incipit
751 4186 818 4241 Cod.
837 4205 864 4256 p.
884 4194 942 4241 392.

596 4272 719 4325 7Maius
738 4273 846 4327 confert
868 4271 922 4325 Cic.
942 4272 1027 4325 Acad.
1048 4271 1094 4324 lV.
1114 4290 1136 4325 c.
1157 4278 1197 4325 24.
1234 4272 1314 4326 Adde
1331 4272 1413 4340 Diog.
1433 4272 1526 4326 Laert.
1546 4273 1579 4339 ll,
1600 4280 1656 4327 109.
1728 4280 1730 4284 “

596 4356 673 4420 8111
691 4355 792 4410 Codex.
828 4356 1033 4409 Berolinenses:
1065 4361 1224 4410 leistrtonine.
1259 4357 1342 4409 lubet
1364 4358 1459 4410 tamen
1481 4356 1571 4410 Maius
1596 4373 1659 4410 con-

511 4443 584 4494 ferre
602 4440 692 4494 Plaut.
711 4441 768 4494 Mil.
789 4441 835 4493 ΙΙΙ.
856 4447 878 4494 1.
898 4446 957 4495 207.

596 4531 612 4578 9
630 4525 673 4578 lta
691 4525 791 4578 Codex.
818 4525 908 4578 Maius
925 4524 1033 4593 accepit
1052 4523 1086 4577 de
1104 4525 1243 4593 Panurgo,
1263 4526 1297 4578 de
1316 4543 1371 4591 quo
1390 4525 1486 4579 Cicero
1504 4541 1556 4594 pro
1574 4525 1657 4579 Rose.

512 4608 705 4675 01111.10,21.

581 4699 612 4748 10
631 4691 736 4747 Codex:
756 4714 828 4747 nunc.
