4142 5659
524 667 565 734 76
735 665 771 719 M.
786 663 955 719 CORNELII
972 660 1180 732 ERONTONIS
1198 620 1455 717 EPISTULARUM

525 837 652 902 animo¹
681 836 851 900 hauserim.
897 836 1010 919 Itaque
1043 856 1164 919 poenas
1197 835 1247 918 do,
1281 835 1419 917 irascor,
1454 834 1557 898 tristis
1587 856 1670 917 sum,

524 944 709 1021 Ζηλοτυπῶ,
746 938 816 1001 cibo
839 958 940 1001 careo.
985 936 1047 1000 His
1068 959 1157 1001 nunc
1186 958 1245 1021 ego
1273 937 1356 1000 curis
1380 936 1547 1001 devinctus
1581 937 1671 1000 obse-

524 1042 632 1125 quium
655 1040 814 1104 scribendi
839 1039 954 1103 cotidie
981 1039 1016 1102 in
1044 1039 1128 1102 diem
1150 1042 1314 1122 posterum
1339 1038 1469 1122 protuli.
1516 1037 1578 1102 Sed
1604 1038 1671 1101 iam

525 1143 643 1226 aliquid
663 1141 918 1223 ‚comminiscar3
953 1144 986 1204 et
1012 1142 1097 1224 quod
1124 1144 1231 1204 orator
1259 1141 1389 1225 quidam
1423 1139 1540 1203 atticus
1569 1140 1670 1203 Athe-

523 1243 684 1307 niensium
717 1243 900 1314 contionem
931 1243 1084 1306 monebat
1096 1293 1104 1326 ,
1141 1265 1383 1326 nonnumquam
1417 1230 1671 1325 permittendum

523 1344 649 1429 legibus
672 1345 838 1426 dormiress,
868 1344 979 1407 libris²
1001 1345 1163 1409 Aristonis
1183 1344 1366 1428 propitiatis
1392 1335 1557 1427 paulisper
1582 1344 1670 1426 quie-

524 1468 611 1510 scere
635 1447 816 1528 concedam,
840 1467 952 1529 mequc
982 1446 1021 1509 ad
1050 1447 1148 1510 istum
1169 1446 1362 1510 histrionum
1384 1446 1532 1529 poetam³
1565 1448 1671 1509 totum

525 1550 718 1630 convertam,
743 1547 852 1611 lacteis
873 1549 962 1631 prius
985 1549 1212 1612 oratiunculeis
1234 1547 1407 1613 tullianeis.
1447 1546 1592 1611 Scribam
1616 1571 1669 1610 au-

523 1652 589 1712 tem
616 1647 802 1712 alterutram
829 1653 969 1734 partem:
1006 1672 1083 1713 nam
1118 1651 1228 1714 eadem
1257 1651 1295 1713 de
1329 1671 1363 1713 re
1394 1649 1538 1713 diversa⁴
1573 1650 1668 1732 tueri,

523 1772 698 1833 numquam
720 1773 831 1834 prosus
853 1753 900 1814 ita
923 1752 1059 1815 dormiet
1070 1752 1189 1835 Aristo,
1214 1753 1262 1815 uti
1284 1753 1478 1835 permittat.5
1507 1750 1600 1833 Vale,
1624 1752 1668 1813 mi

522 1852 642 1934 optime
665 1855 698 1916 et
719 1852 942 1916 honestissime
964 1854 1129 1937 magister.
1173 1853 1313 1919 Domina
1334 1876 1406 1919 mea
1427 1857 1460 1919 te
1483 1853 1613 1918 salutat.

860 1993 937 2069 leni
957 1995 1127 2054 Emendavi
1147 1996 1201 2070 qui
1219 2012 1324 2070 supra.
1394 2004 1399 2014 ·

934 2176 977 2240 Μ.
1001 2175 1250 2241 FRONTOMS

737 2380 739 2383 Ι
794 2301 875 2358 LIB.
898 2300 976 2358 IIII.
999 2301 1125 2358 EXPL.
1169 2301 1226 2359 IN.
1249 2301 1331 2363 LIB.
1354 2302 1391 2361 V.

965 2412 1221 2466 EPISTULARUM

903 2519 963 2580 AD
986 2521 1028 2578 Μ.
1054 2518 1283 2580 onesimum

958 2633 1024 2717 ⁹nr
1042 2631 1201 2688 mucan

675 2893 677 2899 ’
765 2922 832 2986 An
855 2923 898 2988 M.
923 2894 1197 2990 cassanum
1225 2923 1367 2987 mem
1389 2923 1420 2986 v

1021 3059 1160 3114 INDEX.

539 3169 550 3214 1
570 3161 615 3215 ⁶Si
633 3161 781 3230 quicquam
798 3177 848 3215 nos
866 3179 951 3216 amas.
1124 3169 1140 3217 9
1158 3161 1188 3215 si
1205 3160 1313 3215 animus
1330 3160 1487 3214 Faustinae.

445 3313 451 3324 Ι
537 3253 552 3298 2
570 3246 630 3315 Ego
649 3253 677 3300 te
695 3264 847 3314 numquam
865 3247 940 3301 satis.
1108 3255 1138 3302 lo
1155 3247 1191 3300 Et
1210 3245 1323 3301 consilio
1343 3246 1392 3298 tuo
1412 3245 1560 3312 obsequor.

536 3337 551 3384 3
569 3331 712 3396 Miserere;
731 3335 832 3384 unum⁷
849 3332 974 3385 verbum.
1106 3338 1135 3385 11
1155 3333 1193 3385 At
1209 3330 1321 3384 hercule
1339 3329 1473 3398 compleri
1490 3330 1548 3383 tem
1559 3373 1564 3383 .
1577 3372 1600 3384 ..

535 3421 552 3468 4
570 3415 636 3469 Cras
654 3433 698 3469 me
718 3410 823 3470 dehoc
842 3416 934 3470 verbo,
1105 3423 1136 3469 12
1154 3415 1242 3469 Nimis
1260 3415 1308 3467 diu
1325 3414 1466 3468 soliicitus.

536 3506 551 3552 5
570 3497 659 3563 Quam
676 3499 756 3554 fortis
774 3500 913 3555 advenias.
1105 3507 1137 3554 13
1153 3498 1269 3552 Mirifice
1288 3515 1340 3568 ego
1360 3499 1480 3567 quidem.

535 3590 551 3636 6
569 3584 667 3639 Fortes
684 3585 817 3639 venimus.
1105 3591 1136 3639 14
1153 3585 1186 3637 In
1203 3583 1297 3638 media
1313 3584 1499 3639 incommoda.

535 3674 550 3722 7
570 3667 653 3724 Sume
672 3670 773 3736 cibum,
791 3670 916 3725 Domine.
1093 3679 1136 3724 '15
1153 3668 1289 3722 Adflictus
1307 3688 1368 3723 sum
1385 3670 1491 3724 labore.

535 3758 550 3805 8
569 3751 680 3822 Sumpsi
698 3754 798 3809 cibum.
1103 3761 1135 3808 16
1153 3753 1293 3823 Fatigatio
1312 3753 1367 3808 ista
1385 3755 1440 3808 tua.

603 3959 620 3995 a
640 3947 672 3996 ln
688 3949 812 4012 maryine:
832 3943 934 3998 Orator
951 3943 1160 3997 Atheniensium
1179 3943 1336 3998 contionem
1353 3974 1386 3981 —
1404 3943 1533 3997 dormire.

518 4063 719 4075 u—--—

603 4130 744 4185 ondex:
763 4136 869 4185 antinoo.
920 4200 924 4204 .

602 4223 617 4270 2
637 4215 741 4270 Codex:
761 4223 787 4268 in
804 4220 884 4282 libris,
902 4214 994 4269 sedin
1011 4214 1122 4268 videtur
1141 4214 1271 4269 deletum.

602 4302 708 4356 3Puta
725 4300 855 4354 Plautum
873 4301 922 4354 aut
939 4299 1067 4354 Novium.
1098 4304 1192 4354 Maius.
1238 4301 1377 4370 Hauptius
1400 4301 1509 4355 scribit:
1533 4307 1663 4357 11111νίοηί-
1699 4380 1702 4383 v

516 4406 569 4439 cum
586 4398 695 4454 poetam.

601 4461 618 4507 4
636 4453 701 4508 Uod.
721 4472 763 4524 pr.
782 4472 818 4506 m.
838 4460 953 4508 deversa.
992 4454 1025 4508 cf.
1045 4454 1081 4508 ad
1098 4454 1134 4508 M.
1150 4453 1226 4509 Caes.
1245 4454 1278 4521 V,
1291 4459 1332 4508 27.

601 4543 617 4592 5
635 4537 741 4591 Codex:
758 4544 900 4607 permittas.

601 4629 616 4675 6
634 4621 735 4691 Incipit
752 4622 819 4676 cod.
839 4622 902 4678 vat.
922 4643 949 4694 p.
965 4630 1021 4679 128.

602 4714 616 4761 7
638 4704 743 4762 Codex:
762 4728 826 4766 unia.
