4142 5659
580 696 581 700 ,
629 659 677 713 AD
696 656 1003 716 nonusnullum
1022 657 1175 714 INVICEM
1192 659 1300 713 LIBER
1318 661 1351 713 ΙΙ.
1514 661 1556 725 25

408 833 514 894 mater
540 833 598 894 tua
626 833 661 893 ut
687 832 815 914 opicum
838 834 1032 896 contemnat.
1073 832 1154 896 Vale
1176 832 1313 895 Domine
1336 835 1368 895 et
1389 793 1486 894 matri
1507 854 1555 894 sa-

408 933 498 999 vium
520 933 570 1017 da,
597 954 669 999 cum
691 932 862 1021 epistulam
884 932 984 1020 dabis,
1009 955 1071 1021 quo
1093 933 1246 1002 libentius
1269 933 1386 1024 legat¹.

629 1294 698 1378 (Μ.
722 1297 995 1380 CORNELII
1022 1299 1337 1381 FRONTONIS

439 1467 777 1542 EPISTULARUM
803 1467 869 1541 AD
895 1467 1302 1541 numantinum
1329 1469 1529 1542 mvlonn

830 1632 1018 1700 arnan
1055 1635 1134 1721 n.)2

609 1855 614 1863 '
638 1857 669 1922 Ι.
701 1857 867 1942 (Domino
890 1857 966 1923 Meo
990 1857 1135 1924 Caesari
1158 1857 1323 1942 Fronto.)

494 1992 746 2057 3Posterioribus
768 1993 885 2056 literis
908 1994 989 2074 tuis,
1015 2015 1072 2077 our
1094 1993 1272 2057 orationem
1294 1996 1329 2057 in
1351 1996 1465 2057 senatu
1487 2016 1554 2057 non

406 2094 624 2177 recitaverim,
653 2095 827 2178 requisisti.
872 2094 919 2158 At
947 2116 1006 2179 ego
1035 2098 1068 2158 ct
1096 2096 1199 2159 edicto
1228 2096 1349 2178 gratias
1372 2117 1468 2179 agere
1490 2095 1553 2159 Do-

405 2196 494 2260 mino
522 2218 592 2260 mco
621 2197 704 2279 pat'
733 2199 789 2260 tuo
812 2197 926 2279 debe03
959 2197 1014 2259 sed
1043 2188 1182 2260 edictum
1209 2196 1335 2280 quidem
1359 2197 1553 2260 circensibus

405 2298 525 2361 nostris
554 2319 746 2382 proponam,
781 2298 870 2361 cuius
897 2288 1094 2381 principium
1121 2298 1154 2361 id
1176 2299 1281 2381 ipsum
1304 2299 1379 2362 crit:
1402 2337 1444 2346 -
1468 2301 1552 2374 Quo⁴

406 2406 457 2463 die
474 2407 607 2478 primum
630 2406 773 2477 beneficio
795 2408 923 2465 mesime'
938 2407 1093 2479 principis
1115 2406 1233 2463 ederem
1255 2407 1459 2479 spectaculum
1481 2425 1552 2480 pra-

404 2507 548 2565 tisse'mem
565 2509 682 2580 popolo
697 2509 888 2582 meximeque
896 2509 1060 2582 populere,
1084 2509 1284 2581 tempestioom
1299 2508 1423 2566 desisse
1434 2512 1554 2581 pretias
1589 2492 1590 2495 ¹

406 2623 501 2680 opere
522 2614 556 2666 ut
577 2609 655 2668 idem
677 2610 741 2668 dies
766 2644 810 2653 —-
837 2604 890 2667 hic
913 2604 1019 2687 aliqua
1048 2607 1199 2687 sequatur
1220 2603 1357 2667 tulliana
1380 2604 1551 2669 conclusio,

406 2696 596 2769 Orationem
619 2710 726 2769 autem
748 2707 783 2769 in
806 2709 921 2769 senatu
942 2706 1085 2768 recitabo
1101 2706 1246 2789 augustis
1261 2706 1376 2768 idibus.
1412 2705 1553 2780 Quaeras

404 2808 543 2870 fortasse
567 2829 623 2870 cur
644 2807 780 2871 tarde5?
808 2807 958 2890 quoniam
981 2829 1041 2891 ego
1064 2830 1239 2891 numquam
1261 2807 1418 2890 primum6
1446 2809 1553 2872 officio
1642 2880 1646 2886 ,
1725 2797 1728 2800 ’

405 2909 552 2973 sollemni
582 2931 707 2993 quoquo
729 2909 822 2972 modo
844 2908 939 2991 fimgi
960 2930 1106 2991 propero.
1151 2907 1229 2990 sed,
1260 2912 1296 2972 ut
1323 2912 1429 2972 tecum
1458 2932 1553 2998 agere

405 3011 505 3074 debeo
527 3012 597 3074 sine
619 3012 692 3075 fuco
722 3013 754 3073 et
776 3010 845 3073 sine
868 3009 1075 3093 ambagibus,
1111 3010 1215 3073 dicam
1244 3010 1321 3093 quid
1350 3033 1422 3074 cum
1445 3012 1553 3075 animo

404 3134 475 3175 meo
497 3116 653 3195 reputem.
683 3112 800 3175 Divom
815 3110 1017 3174 Hadrianum
1033 3132 1125 3174 avom
1140 3114 1231 3174 tuum
1246 3110 1374 3174 laudavi
1389 3113 1424 3175 in
1438 3117 1552 3176 senatu

404 3236 633 3297 saepenumero
647 3214 762 3277 'studio
784 3213 920 3296 inpenso
943 3216 975 3276 et
997 3202 1156 3295 'propenso
1178 3233 1317 3295 quoque:
1342 3217 1374 3275 et
1391 3217 1467 3277 sunt
1483 3236 1551 3276 ora-

404 3318 509 3379 tiones
532 3316 613 3379 istae
635 3316 819 3398 frequentes
842 3315 877 3377 in
898 3315 1041 3377 omnium
1068 3313 1227 3376 manibus.
1246 3312 1476 3378 oHadrianum
1499 3338 1551 3378 au-
1641 3302 1643 3306 ⁸

404 3419 470 3480 tem
486 3439 556 3501 ego,
581 3418 665 3501 quod
686 3418 771 3480 bona
794 3416 889 3480 benia
911 3415 1042 3498 pietatis
1060 3418 1133 3478 tuae
1150 3416 1271 3478 dictum
1286 3416 1338 3497 sit,
1363 3419 1399 3478 ut
1414 3416 1552 3479 Martem

405 3518 593 3601 Gradivom,
623 3521 660 3581 ut
686 3518 797 3581 Ditem
819 3517 964 3598 Patrem,
992 3517 1168 3599 propitium
1196 3520 1228 3580 et
1255 3516 1419 3600 placatum
1446 3519 1551 3602 magis

405 3619 500 3702 volui,
525 3643 621 3704 quam
643 3620 758 3683 amavi.
802 3618 950 3693 Quarel?
964 3619 1047 3702 ‘quia
1070 3619 1110 3681 ad
1126 3619 1298 3682 amandum
1313 3619 1430 3684 fiducia
1445 3620 1552 3704 aliqua

491 3788 654 3857 ISequitur
680 3790 788 3842 Graec-a
812 3787 948 3856 epistola,
984 3803 1055 3854 quae
1083 3786 1260 3841 continuatur
1285 3788 1415 3842 Vaticani
1443 3789 1551 3842 Codicis

403 3891 431 3940 p.
447 3878 494 3926 166
513 3875 541 3927 et
560 3879 616 3927 165.
641 3873 746 3926 Iterum
763 3872 866 3940 legitur
883 3871 954 3924 haec
972 3871 1091 3939 epistola
1107 3870 1136 3923 in
1153 3871 1282 3926 Ambros.
1303 3872 1368 3926 Cod.
1382 3890 1410 3941 p.
1423 3879 1483 3927 157:
1502 3872 1550 3926 illo

403 3957 466 4010 loco
485 3956 615 4011 exhibere
635 3973 697 4011 eam
715 3956 800 4010 malui
819 3974 881 4009 cum
900 3955 999 4010 ceteris
1018 3955 1145 4024 epistolis
1164 3956 1286 4010 Graecis.
1314 3971 1322 3979 ·

489 4040 575 4094 allio
592 4043 650 4096 fere
668 4041 803 4110 incepisse
827 4040 941 4094 coniicio
969 4041 1088 4095 alterum
1105 4040 1220 4107 librum,
1242 4041 1292 4095 sed
1313 4040 1417 4096 indicia
1437 4058 1552 4110 prorsus

404 4126 481 4179 certa
499 4124 606 4179 desunt.

422 4259 425 4264 .
489 4217 504 4262 3
522 4209 623 4278 Incipit
641 4210 708 4265 Cod.
721 4209 785 4263 Vat.
804 4229 831 4279 p.
845 4215 900 4264 loo.
938 4209 1066 4278 Spatium
1083 4225 1200 4262 vacuum
1217 4208 1297 4262 unius
1309 4227 1413 4275 versus,
1432 4211 1550 4265 fortasse

403 4294 440 4347 ob
458 4292 635 4348 scribendum
654 4294 789 4364 epistolae
807 4294 928 4348 titulum.

487 4378 566 4431 llta
583 4378 685 4435 Codex.

489 4462 665 4518 bFortassc:
684 4485 730 4517 eur
748 4476 798 4517 tam
817 4470 899 4517 tarde.
932 4466 1049 4517 Orellius.

490 4553 505 4598 6
524 4546 642 4601 Oralllus
665 4548 784 4602 mamllt:
807 4555 913 4617 primum
936 4554 1052 4618 quoniam
1070 4568 1116 4616 epo
1134 4570 1159 4601 n.
1177 4564 1200 4602 0.
1245 4548 1395 4618 Hauptius:
1420 4571 1550 4618 niernqeum

404 4652 478 4701 quom
495 4637 609 4699 primum.

490 4723 504 4770 7
523 4717 567 4770 lta
584 4735 683 4773 revera
699 4719 728 4772 in
745 4719 825 4772 textu
842 4718 954 4786 legitur,
973 4736 1142 4788 quamquam
1161 4721 1247 4788 negat
1264 4719 1362 4773 Maius
