4142 5659
511 678 552 741 32
722 671 758 728 Μ.
774 669 943 727 CORNELII
961 670 1169 725 FRONTONIS
1186 666 1443 724 EPISTULARUM

511 850 543 909 et
567 847 721 909 concubia
743 849 849 926 nocte,
874 851 945 908 dum
967 866 999 906 sc
1021 851 1200 922 intempesto
1222 863 1295 924 nox,
1318 846 1355 904 ut
1378 843 1424 905 ait
1446 843 1490 904 M.
1510 841 1655 923 Porcius

505 954 710 1026 praecepitur,
741 946 850 1009 eodem
872 945 965 1008 modo
987 947 1180 1027 perseverat.
1218 943 1289 1007 ⁸Sed
1312 944 1387 1027 quid
1410 965 1485 1027 ego,
1509 944 1564 1025 qui
1586 946 1655 1005 me¹

510 1047 645 1130 paucula
678 1048 870 1130 scripturum
900 1047 1047 1129 promisi,
1083 1044 1317 1109 deleramenta2
1349 1045 1553 1108 masuriana³
1581 1066 1656 1107 con-

510 1149 611 1232 gero?
636 1149 741 1233 igitur
762 1148 844 1232 vale,
868 1148 1023 1232 magister
1045 1146 1287 1230 benignissime,
1312 1145 1424 1209 consul
1446 1147 1654 1229 amplissime,

510 1253 542 1312 et
564 1273 615 1312 me
637 1253 793 1332 quantum
816 1272 903 1312 amas
926 1253 1054 1312 tantum
1076 1249 1229 1311 desidera.

817 1504 900 1570 VII.
932 1503 1076 1570 Caesari
1100 1501 1172 1570 Suo
1195 1503 1337 1570 Consul.

594 1657 700 1721 Meum
722 1659 856 1720 fratrem
878 1658 1018 1739 beatum,
1043 1657 1097 1741 qui
1118 1679 1175 1720 vos
1196 1658 1232 1719 in
1254 1657 1316 1719 isto
1331 1656 1427 1719 biduo
1443 1644 1583 1720 'videlitt
1608 1659 1655 1719 At

510 1782 569 1844 ego
592 1759 713 1822 Romae
735 1759 831 1822 hereo
862 1760 1056 1841 conpedibus
1079 1759 1182 1821 aureis
1205 1758 1347 1820 vinctus:
1377 1780 1437 1821 nec
1466 1759 1560 1821 aliter
1586 1758 1652 1820 kal.
1723 1767 1727 1770 ’

485 1864 590 1943 sept.
615 1867 764 1943 expecto,
794 1883 890 1944 quam
912 1860 1125 1943 superstitiosi
1148 1859 1273 1922 stellam
1282 1870 1297 1941 ,'
1325 1882 1387 1942 qua
1408 1860 1478 1922 visa
1499 1860 1654 1922 ieiunium

508 1961 703 2045 polluant⁴³.
749 1962 830 2025 Vale
853 1961 979 2042 Caesar,
1010 1961 1106 2025 decus
1134 1961 1258 2043 patriae
1286 1964 1318 2023 et
1347 1961 1471 2023 romani
1499 1961 1651 2024 nominis.
1754 1964 1765 1977 ‘

508 2062 600 2147 Vale,
624 2063 771 2126 Domine.

885 2266 990 2333 VIII.
1019 2267 1172 2332 Domino
1193 2265 1281 2331 Neo.

593 2405 616 2487 ⁵1
632 2403 778 2467 Gratiam
799 2425 904 2466 meam
917 2403 991 2465 misi
1014 2403 1055 2465 ad
1077 2403 1161 2465 diem
1182 2401 1325 2481 natalem
1347 2387 1459 2464 matris
1481 2405 1556 2464 tuae
1573 2403 1654 2465 cele-

509 2503 665 2566 brandum
681 2505 771 2588 eique
783 2496 943 2587 praecepi,
964 2507 999 2567 ut
1016 2504 1090 2567 istic
1102 2504 1290 2567 subsisteret
1308 2505 1411 2587 quoad
1424 2525 1484 2588 ego
1497 2505 1651 2567 venirem.
1692 2555 1697 2564 .

507 2605 629 2667 Eodem
652 2609 758 2670 autem
780 2608 959 2686 momento,
990 2627 1051 2689 quo
1081 2597 1280 2668 consulatum
1308 2606 1500 2687 eiuraveror,
1524 2605 1652 2669 vehicu-

506 2705 572 2767 lum
596 2709 808 2770 conscendam
830 2710 863 2769 et
886 2707 1003 2771 advos
1026 2706 1208 2789 pervolabo.
1243 2707 1378 2770 Interim
1401 2707 1532 2770 Gratiae
1561 2728 1651 2770 meae

507 2807 629 2870 nullum
653 2831 671 2870 a
692 2810 777 2871 fame
792 2807 968 2891 periculum
991 2809 1060 2871 fore
1082 2809 1143 2872 fide
1158 2831 1230 2871 mea
1252 2809 1421 2892 spopondi:
1444 2812 1548 2871 mater
1564 2811 1651 2872 enim

506 2912 562 2970 tua
589 2910 763 2992 particulas
800 2933 818 2972 a
846 2913 878 2972 te
906 2901 968 2972 sibi
989 2912 1103 2973 missas
1139 2932 1209 2973 cum
1244 2903 1362 2972 clienta
1390 2911 1650 2974 communicabit.

506 3011 618 3094 Neque
652 3015 700 3074 est
734 3011 847 3074 Gratia
883 3033 975 3093 mea,
1011 3006 1061 3090 ut⁴
1080 3011 1311 3074 causidicorum
1343 3033 1457 3075 uxores
1489 3013 1650 3095 feruntur,

506 3112 599 3175 multi
623 3113 699 3195 cibi3
728 3113 778 3175 vel
807 3112 923 3175 osculis
952 3113 1045 3175 solis⁷
1079 3113 1191 3175 matris
1219 3116 1294 3175 tuae
1321 3116 1474 3176 contenta
1502 3113 1651 3176 vixerit⁸

590 3333 607 3368 a
624 3321 658 3369 Ia
676 3322 800 3384 aaarpine:
818 3316 924 3369 Romae
941 3315 967 3368 h.
983 3332 1005 3368 c.
1020 3332 1044 3368 a.
1060 3333 1084 3368 u.
1104 3333 1155 3369 nec
1167 3315 1292 3369 kalendis
1311 3316 1393 3369 aliber
1411 3333 1474 3385 exp,
1487 3347 1520 3354 -
1531 3317 1649 3385 polluat.

505 3457 665 3464 »ψη-μμ,-
670 3459 708 3464 -.-

591 3545 604 3591 l
623 3536 703 3590 eod:
722 3557 758 3590 me
777 3542 828 3605 qui.

589 3622 667 3674 clta
684 3620 784 3674 Codex.

589 3714 604 3760 3
621 3704 758 3758 Masurius
777 3705 914 3758 celebrem
932 3706 967 3759 de
984 3705 1044 3760 iure
1068 3706 1141 3759 civili
1163 3704 1266 3759 librum
1288 3707 1411 3776 scripsit,
1438 3725 1521 3776 quem
1538 3707 1649 3762 Persius

503 3791 537 3844 V.
550 3798 582 3845 90
599 3795 726 3843 rubricam
744 3791 876 3859 appellat.
914 3795 1048 3843 Rubrieam
1066 3792 1160 3843 autem
1178 3792 1209 3842 ut
1226 3792 1370 3859 vulgarem
1382 3793 1534 3859 tritamque
1547 3794 1649 3847 doctri-

503 3894 570 3929 nam
587 3874 694 3943 spernit
712 3875 917 3941 quodammodo
934 3874 1135 3938 Quinctilianus
1151 3875 1217 3928 Inst.
1237 3875 1296 3927 XII.
1316 3883 1340 3929 3.
1389 3875 1434 3929 Sic
1452 3894 1519 3945 ergo
1537 3878 1648 3932 Marcus

503 3960 626 4028 loquitur
648 3959 682 4011 de
706 3959 874 4026 quotidianis
896 3960 979 4012 rebus
1002 3963 1030 4010 et
1051 3959 1129 4012 flocci
1152 3959 1292 4012 faciendis.
1338 3965 1436 4024 Maius,
1460 3961 1508 4028 qui
1530 3979 1548 4015 a
1569 3963 1649 4016 Butt-

502 4062 605 4098 manno
623 4061 673 4097 sua
691 4044 834 4097 derivavit.
978 4113 988 4122 ν

586 4137 602 4182 4
621 4128 793 4197 Schopenus:
812 4136 918 4183 solvant.
942 4128 1070 4197 Nigidius
1087 4128 1163 4197 apud
1180 4129 1316 4182 Isidorum
1343 4130 1412 4198 orig.
1426 4131 1484 4184 XX.
1499 4138 1522 4184 ⁸2.
1539 4137 1582 4186 10:
1601 4154 1648 4186 nos

501 4221 553 4277 ipsi
569 4221 662 4267 Ieiunia
680 4217 816 4267 tentaculis'
834 4219 927 4268 levibus
941 4219 1082 4282 pollur'mas.
1106 4214 1210 4267 Locum
1222 4214 1297 4267 Maio
1316 4215 1412 4269 debeo.
1441 4215 1542 4269 Itidem
1556 4217 1648 4271 videa-

502 4301 548 4352 tur
565 4295 665 4352 Athen.
685 4298 731 4352 IV.
751 4317 778 4367 p.
795 4304 850 4352 156.

587 4390 602 4436 5
620 4383 721 4451 Incipit
740 4382 805 4436 God.
816 4384 943 4436 Ambros.
962 4391 1046 4453 p.107
1070 4402 1132 4438 cum
1149 4382 1340 4452 inscriptione:
1359 4385 1520 4439 EPISTVL.
1540 4387 1590 4438 AD
1608 4388 1645 4441 M.

586 4467 769 4521 6Her0dIan.
788 4467 834 4520 IV.
848 4475 876 4522 3:
900 4468 939 4521 εἰ(
961 4472 1016 4535 τὴν
1039 4471 1156 4535 ἀρχαίαν
1179 4471 1285 4536 ἀγορὰν
1309 4472 1500 4538 προτιθέαειν,
1529 4473 1596 4524 ἔνθα
1620 4473 1647 4528 οἱ

500 4556 632 4619 Ῥωμαῖοι
651 4555 785 4618 ἄρχοντε(
804 4554 987 4618 ἀπόμνυνται.
1022 4558 1118 4610 Maias.
1227 4608 1230 4614 ,

586 4644 600 4691 7
619 4636 709 4689 Maius
728 4635 828 4689 omisit.

584 4726 600 4775 8
619 4719 709 4773 Maius
728 4737 889 4789 perperam:
908 4728 966 4775 eric.
