4142 5659
697 655 742 709 Vl.
779 655 891 710 INDEX
914 656 1253 712 ORTHOGRAPHICUS.

1485 660 1548 722 279

437 846 484 881 ritus
501 830 683 879 2464.diserte
705 829 772 878 iubet
789 828 869 878 scribi
886 843 960 879 com·
987 825 1097 879 Disdidi
1114 845 1141 895 p.
1162 834 1210 881 100
1228 847 1242 880 0
1260 831 1365 881 Catone.

436 911 503 975 fert,
532 909 683 976 comvellit,
711 916 810 963 etalio
832 916 960 971 eiusnodi,
987 910 1077 977 Epro
1098 929 1127 976 0,
1150 910 1339 981 aequiperare
1351 918 1423 980 p.8.
1443 918 1483 966 31.
1504 918 1544 966 87.

437 1014 487 1048 non
498 1014 547 1062 per
560 1010 619 1048 con.
645 999 743 1049 Contra
756 1011 807 1048 oon
823 1015 873 1062 pro
886 1010 960 1048 eom:

439 1095 593 1148 conparare
611 1098 638 1148 p.
659 1086 700 1145 21,
719 1066 862 1147 conperire
879 1098 907 1148 p.
920 1085 960 1145 63,

437 1164 602 1232 conpertum
619 1182 646 1232 p.
662 1169 703 1229 62,
723 1162 861 1232 conplecti
877 1182 904 1232 p.
919 1169 960 1229 61,

436 1247 597 1317 conpositus
620 1266 647 1316 p.
669 1254 710 1302 63.
749 1247 806 1301 eon
830 1255 924 1322 retinet
941 1267 960 1301 11

1022 1000 1084 1060 206;
1102 995 1259 1064 tripertitus
1276 1014 1303 1064 p.
1325 1002 1381 1050 140.
1415 1001 1512 1051 Contra
1530 1015 1547 1050 a

1020 1098 1070 1146 pro
1094 1096 1120 1132 e:
1153 1081 1263 1134 0010010
1291 1099 1318 1149 p.
1340 1086 1402 1147 164,
1429 1071 1546 1135 mendose

1021 1185 1078 1216 nam
1096 1165 1205 1218 ostento
1222 1182 1249 1232 p.
1270 1169 1327 1218 133.
1366 1169 1405 1231 01.
1427 1154 1544 1223 Corssen.

1020 1254 1132 1317 Ausspr.
1145 1250 1158 1302 I
1169 1252 1202 1317 lp.
1216 1255 1274 1314 317,
1298 1254 1445 1317 Nachtraipe
1462 1267 1490 1317 p.
1504 1255 1544 1302 61.

436 1355 457 1386 o.
474 1353 514 1401 pr.
528 1332 695 1386 conlaudare
714 1350 741 1400 p.
756 1339 796 1398 63,
815 1333 960 1386 conlocare
986 1333 1070 1401 Epro
1082 1333 1099 1400 i,
1117 1333 1245 1386 hersutus
1257 1351 1285 1401 p.
1298 1339 1354 1399 128,
1373 1330 1546 1387 1101010100οέ

434 1436 462 1486 p.
477 1422 517 1470 62.
538 1423 584 1482 63,
609 1417 794 1471 conroborure
811 1435 838 1485 p.
859 1423 881 1470 7.
907 1420 961 1471 Sed

436 1501 573 1554 collocare
583 1519 610 1569 p.
620 1507 667 1554 152
681 1513 707 1554 et
717 1501 872 1554 cumfestim
882 1508 958 1570 p39.

402 1586 498 1640 Coum.
518 1597 544 1638 ct
562 1601 660 1638 comm.
681 1591 789 1638 uariant.

402 1670 511 1724 Cotidie
530 1681 555 1723 et
574 1669 688 1723 cottidie
709 1674 817 1722 uariant.
853 1673 961 1738 Semper

436 1767 526 1817 tamen,
545 1765 647 1821 except.
665 1772 692 1822 p.
707 1759 765 1820 227,
784 1769 816 1807 00
832 1771 959 1822 proque,

435 1845 511 1892 etiam
532 1844 558 1891 in
581 1843 697 1892 derivato
720 1837 883 1892 cotidianus.
919 1844 959 1892 De

434 1929 503 1977 vocis
527 1921 628 1976 cotidie
656 1929 787 1991 scriptura
812 1928 959 1977 contrariae

433 2012 576 2062 sententiae
602 2019 660 2060 stent
687 2013 773 2075 Lonpt'
797 2026 825 2076 p.
845 2013 910 2061 2237
935 2018 960 2061 et

435 2097 542 2146 Cornuti
557 2110 586 2161 p.
605 2097 681 2146 2283.
716 2097 782 2145 Item
801 2100 913 2159 quaestio
929 2099 960 2159 111

436 2183 506 2244 opud
523 2177 732 2242 Quintilltee.
760 2179 836 2229 Beda
852 2195 879 2245 p.
892 2182 960 2231 2344

1020 1418 1080 1470 tum
1097 1436 1124 1486 p.
1140 1424 1180 1471 32.
1207 1423 1246 1471 De
1260 1423 1331 1471 buiris
1351 1421 1465 1471 vocabuli
1480 1424 1546 1470 scri-

1018 1513 1097 1570 ptura
1131 1507 1246 1571 quaestio
1276 1513 1315 1555 est
1343 1508 1414 1569 apud
1441 1507 1545 1560 Putscl,

923 1599 925 1603 ’
1019 1591 1206 1654 0009002233
1216 1598 1243 1641 01
1249 1593 1342 1640 incerti
1352 1593 1545 1640 auctoris2783.

1022 1675 1160 1740 Utramque
1175 1676 1270 1739 probat
1288 1676 1374 1739 Caper
1391 1677 1466 1725 2248.
1502 1673 1546 1724 In-

1020 1755 1164 1824 tellegere,
1175 1755 1377 1824 intellegentia,
1386 1756 1545 1823 neglegere,

1019 1840 1208 1908 neglegentia,
1225 1852 1381 1896 constanter.
1409 1846 1486 1893 Adde
1505 1840 1545 1892 in-

1020 1924 1157 1978 teremere
1167 1942 1194 1993 p.
1206 1932 1247 1991 51,
1266 1926 1442 1980 Mauretania
1450 1943 1478 1993 p.
1488 1931 1544 1990 169,

1019 2008 1162 2075 phrenetis
1180 2021 1205 2062 et
1222 2009 1359 2078 phrenitis
1377 2027 1404 2077 p.
1420 2015 1476 2062 121.
1503 2013 1544 2076 Cf.

1021 2096 1139 2146 Corssen.
1169 2099 1279 2162 Azuspr.
1301 2095 1313 2146 I
1341 2112 1368 2162 p.
1395 2099 1457 2159 273,
1487 2099 1544 2157 321,

1020 2181 1126 2231 Nacbtr.
1144 2195 1171 2244 p.
1192 2185 1232 2231 30.

435 2267 531 2315 diserte
559 2265 680 2329 praefert
710 2278 732 2312 0.
755 2264 808 2325 01.
841 2265 958 2315 Corssen.
985 2259 1018 2312 Ei
1038 2280 1089 2327 pro
1112 2259 1122 2312 i
1144 2266 1299 2315 urebaismus
1324 2266 1544 2329 frequentissimus
1605 2319 1609 2329 Ι

435 2351 546 2414 Ausspr.
564 2346 577 2398 I
594 2364 622 2414 p.
642 2351 683 2398 69.

401 2430 523 2496 Conitor,
537 2429 655 2495 conisus,
674 2445 801 2496 conexus,
820 2450 873 2483 curn
885 2436 960 2484 00100

433 2535 452 2570 0
470 2527 626 2570 constanter.
652 2519 693 2580 01.
708 2518 826 2567 Corssen.
847 2519 959 2582 Ausspr.

433 2603 446 2654 l
471 2620 498 2670 p.
518 2605 560 2653 34.
585 2605 626 2653 95.
667 2602 823 2652 Fleckeisen.
851 2602 961 2667 Fit'nszip

434 2689 539 2739 Arctoa
554 2703 581 2753 p.
604 2688 642 2737 14.

401 2759 581 2824 Contreoture
604 2779 629 2820 et
652 2767 826 2821 contractare
849 2773 959 2820 variant.

436 2860 475 2922 Cf.
497 2859 615 2908 Corssen.
637 2856 747 2920 Ausspr.
767 2853 779 2904 I
796 2869 823 2919 p.
844 2857 901 2905 320.

400 2940 442 2993 De
453 2960 504 3006 pro
517 2938 553 3004 di,
571 2959 593 2991 0.
606 2959 646 3006 pr.
661 2934 785 3004 degredi,
805 2934 958 3002 devertere,

437 3023 609 3089 deminuere,
637 3019 791 3084 destillare,
815 3018 958 3088 destringi,

1020 2365 1036 2397 a
1053 2350 1137 2412 prima
1154 2366 1240 2408 manu,
1265 2365 1336 2414 quem
1352 2351 1466 2398 secunda
1480 2365 1542 2411 pus·

1019 2435 1065 2482 sim
1077 2436 1200 2484 conuertit
1212 2435 1238 2482 in
1249 2429 1267 2491 i,
1285 2435 1361 2482 sicuti
1371 2449 1452 2497 supra
1463 2448 1543 2496 saepe
1593 2459 1595 2467 .
1611 2484 1617 2492 .

1019 2519 1190 2576 indicavimus,
1201 2520 1249 2567 sed
1258 2524 1448 2580 nonperpetuo.
1467 2518 1544 2566 Hunc

1020 2602 1184 2651 archaismum
1205 2603 1331 2664 placuisse
1354 2602 1469 2665 inprimis
1489 2603 1544 2650 Lu-

1019 2687 1077 2735 cilio
1100 2688 1191 2735 docent
1212 2686 1318 2750 Lonpus
1336 2689 1402 2735 2220
1420 2693 1445 2734 01
1463 2685 1544 2734 Scau·

1020 2786 1065 2818 rus
1082 2771 1162 2820 2255:
1182 2772 1335 2834 eundemque
1353 2772 1447 2820 diutius
1465 2772 1542 2818 dura-

1019 2855 1084 2902 oisse
1102 2857 1139 2903 ait
1158 2853 1326 2912 Quintilianus
1343 2851 1383 2903 17
1402 2856 1470 2914 516.
1505 2856 1543 2916 01.

1020 2937 1177 2995 Buecheler.
1196 2941 1228 2987 de
1246 2940 1307 2987 Lat.
1332 2940 1429 2990 Declin.
1453 2953 1480 3002 p.
1501 2939 1542 2986 66.

1020 3023 1138 3071 Corssen.
1157 3023 1323 3086 Ausspracite
1341 3019 1354 3071 I
1371 3037 1399 3087 p.
1418 3023 1476 3071 222.

436 3109 573 3163 devolsus.
598 3111 664 3160 Item
677 3103 800 3172 deligere
817 3121 844 3170 p.
859 3107 891 3155 85
909 3123 958 3170 pro
985 3102 1040 3155 Ens
1055 3123 1107 3170 pro
1121 3120 1159 3168 es,
1178 3103 1288 3157 deciens
1305 3121 1332 3171 p.
1349 3110 1405 3169 183,
1423 3103 1543 3157 milliens

435 3194 553 3262 diligere
573 3193 688 3258 (umore,
706 3194 742 3255 cf.
760 3206 787 3256 p.
802 3189 853 3254 26),
873 3186 958 3239 demi-

436 3279 504 3332 seris
520 3297 548 3347 p.
569 3280 618 3330 262
635 3295 685 3343 pro
705 3270 850 3328 dimiseris.
883 3277 958 3325 etiam

435 3362 584 3417 dismisisse
602 3379 629 3429 p.
644 3365 702 3424 209,
721 3361 790 3426 quod
804 3366 958 3423 postremum

434 3453 513 3504 scribi
529 3456 610 3510 uetat,
630 3455 733 3497 rectene
751 3462 785 3495 an
801 3460 889 3508 secus,
910 3444 958 3494 Cu-

432 3551 527 3602 perp.
545 3534 622 3583 2242.
660 3531 756 3580 Contra
775 3524 890 3579 dilectus
907 3545 957 3592 pro

1018 3206 1046 3256 p.
1068 3193 1128 3253 157,
1151 3187 1280 3254 quotiens
1302 3206 1329 3256 p.
1351 3193 1412 3254 136,
1440 3188 1543 3242 totiens

1017 3276 1116 3339 0112.
1142 3276 1197 3325 Sed
1213 3271 1360 3339 quinquies
1377 3291 1405 3340 p.
1417 3278 1474 3326 139.
1497 3279 1543 3327 Ca-

1015 3375 1067 3422 per
1091 3361 1157 3410 2241
1183 3363 1274 3411 0100011
1300 3363 1375 3411 etiam
1401 3357 1492 3411 decies
1518 3370 1543 3411 et

1017 3440 1123 3495 millies.
1172 3447 1210 3508 01,
1243 3446 1359 3496 Corssen.
1390 3447 1500 3509 Ausspr.
1529 3443 1542 3494 I

1017 3544 1045 3594 p.
1064 3526 1129 3579 eob.
1149 3533 1189 3580 ss.

435 3603 558 3671 deiectus
574 3632 601 3682 p.
623 3618 680 3678 143,
701 3617 758 3677 100,
776 3616 838 3675 nou
858 3608 957 3663 0111011-
985 3610 1064 3664 Exim
1085 3633 1136 3680 pro
1154 3612 1218 3664 exin
1239 3631 1265 3680 p.
1286 3617 1327 3665 31.
1353 3615 1541 3677 0100000.

434 3705 479 3756 100
495 3720 524 3771 p.
539 3705 595 3764 122,
615 3701 683 3766 quod
698 3706 851 3763 postremum
868 3703 960 3749 rnuuult

437 3792 522 3854 Caper
538 3802 566 3853 p.
585 3787 660 3835 2246.

1019 3701 1130 3764 Ausspr.
1149 3697 1162 3749 I
1178 3716 1206 3767 p.
1226 3702 1266 3750 67.

984 3780 1087 3834 Exstiti
1105 3793 1130 3836 et
1148 3781 1228 3836 extiti
1245 3786 1355 3835 uariant.
1459 3792 1464 3798 ‘

400 3870 531 3940 Dei'etigo
550 3887 577 3937 p.
591 3873 632 3920 63.
660 3869 698 3931 01.
713 3868 831 3920 Corssen.
846 3869 957 3932 Ausspr.
984 3865 1121 3921 Exsuviae
1139 3885 1167 3935 p.
1187 3872 1244 3919 216.

433 3975 462 4032 p.
474 3960 531 4010 317.
556 3955 714 4006 Fleckeisen.
731 3953 960 4017 Fiinfzip'Artiltel
984 3949 1045 4004 Fet
1056 3951 1095 4020 ph
1108 3958 1133 4004 in
1152 3955 1258 4004 Graecis
1277 3953 1414 4002 nominibus
1431 3955 1540 4005 variam.

435 4043 448 4094 Ι
465 4059 493 4110 p.
506 4045 544 4093 16.

1019 4040 1060 4102 01.
1080 4040 1197 4092 Corssen.
1218 4039 1325 4100 Ausspr.
1344 4035 1357 4084 I
1375 4051 1402 4100 p.
1422 4039 1462 4085 68.

399 4125 525 4182 Defrudo
538 4142 565 4193 p.
578 4129 635 4177 102.
661 4122 958 4187 0100100001100000.
984 4120 1120 4188 Fraglare
1146 4137 1175 4188 p.
1196 4125 1219 4172 5.
1244 4123 1284 4170 27.
1314 4123 1360 4180 34;
1387 4116 1542 4184 fraglanter

434 4213 447 4264 l
487 4215 570 4264 ,170

400 4230 674 4361 00101100010220.
702 4295 742 4356 01.
763 4294 872 4343 Corssen
890 4294 959 4342 Aus-

434 4401 490 4450 spr.
508 4381 521 4432 l
539 4397 567 4448 p.
581 4382 639 4431 317.

401 4463 627 4521 Deleuimentum
644 4479 672 4529 p.
692 4466 733 4514 97.

402 4551 629 4605 Deleromentum
646 4564 673 4614 p.
694 4551 734 4598 32.

1018 4222 1046 4272 p.
1066 4209 1107 4257 50.
1133 4207 1204 4256 Alibi
1219 4214 1302 4256 tamen
1319 4201 1439 4268 flagrare
1457 4218 1484 4268 p.
1499 4205 1540 4253 97.

1020 4295 1060 4342 79.
1095 4292 1167 4341 'Niliil
1194 4306 1277 4354 porro
1303 4296 1343 4339 est
1371 4289 1441 4337 aliud
1469 4304 1543 4353 quam

1019 4366 1209 4436 transmutatio,
1237 4377 1269 4424 de
1298 4389 1348 4438 qna
1371 4370 1472 4432 Quintil.
1495 4368 1542 4419 Is

1020 4465 1034 4524 5
1055 4463 1095 4511 16.
1120 4461 1161 4522 01.
1182 4461 1244 4509 Luc.
1263 4457 1382 4508 Mueller.
1401 4457 1427 4504 in
1445 4455 1540 4504 Annal.

1020 4547 1045 4596 F
1044 4545 1180 4596 lecbeiseni
1195 4539 1283 4593 XCIII
1300 4557 1327 4608 p.
1348 4542 1405 4592 386.

401 4636 438 4690 Di
456 4647 481 4690 et
500 4633 538 4687 dii
557 4644 582 4687 et
594 4630 639 4685 dei
651 4635 760 4684 uariant.
786 4631 825 4693 01.
840 4631 960 4684 Corssen.
986 4629 1012 4682 H
1024 4633 1137 4693 additur,
1155 4625 1261 4679 harena
1271 4643 1299 4693 p.
1315 4628 1355 4688 16,
1367 4621 1447 4674 holus
1458 4639 1485 4689 p.
1503 4624 1541 4685 18,

438 4726 548 4790 Ausspr.
567 4721 580 4773 I
596 4739 623 4790 p.
644 4723 701 4773 301.

1020 4712 1195 4766 holusculum
1212 4728 1240 4778 p.
1253 4713 1311 4776 225,
1328 4706 1376 4761 hii.
1401 4705 1542 4759 Harenum
