4142 5659
499 673 541 736 30
710 671 746 723 M.
761 669 930 722 CORNELII
948 667 1157 722 FRONTONIS
1175 667 1431 722 EPISTULARUM

499 840 672 924 platanus¹
695 841 880 904 umbrosa³:
915 840 1022 903 omnia
1050 839 1091 902 ad
1114 839 1331 924 usummagis
1364 861 1460 923 quain
1488 838 1529 900 ad
1557 838 1644 902 volu-

499 945 632 1026 ptatem,
656 964 799 1026 quaeque
821 942 942 1025 magis²
963 941 1095 1018 laudare
1117 944 1279 1025 oporteat,
1309 963 1418 1005 amare
1440 962 1506 1004 non
1528 940 1642 1002 hbeat.

500 1044 627 1108 Satisne
656 1065 716 1127 ego
739 1044 851 1107 audaci
875 1042 1007 1107 consilio
1030 1047 1063 1107 et
1082 1043 1199 1106 iudicio
1216 1043 1386 1106 temerario
1408 1042 1546 1124 videar3,
1573 1063 1645 1104 cum

498 1146 537 1209 de
559 1148 670 1208 tantae
693 1144 815 1249 gloriae
837 1146 906 1208 viro
927 1145 1097 1208 existimo?
1126 1144 1188 1208 Sed
1203 1144 1316 1229 quom⁴
1339 1167 1390 1208 me
1411 1145 1560 1208 recordor
1582 1143 1643 1206 tibi

498 1247 646 1329 scribere,
671 1247 777 1310 minus
799 1268 850 1310 me
873 1248 988 1310 audere
1010 1268 1106 1330 quam
1127 1250 1162 1309 tu
1186 1245 1264 1310 velis
1287 1246 1456 1310 arbitror.⁵

685 1365 762 1429 Nos
790 1364 886 1428 istic
914 1364 1168 1429 vehementer
1196 1365 1454 1428 aestuamusl’

582 1484 692 1548 Habes
721 1485 772 1546 et⁷
795 1482 1097 1567 hendecasyllabum
1119 1484 1307 1567 ingenuum.
1330 1483 1436 1567 igit-ur
1457 1484 1643 1567 priusquam

497 1587 646 1668 poetare8
668 1585 798 1667 incipi0,
823 1587 965 1667 pausan⁹
988 1589 1095 1648 tecum
1110 1585 1204 1648 facio.
1238 1584 1330 1666 Vale,
1349 1585 1643 1650 desiderantissime

497 1688 592 1751 homo
621 1690 653 1750 et
674 1689 730 1750 tuo
752 1686 837 1749 Vero
850 1687 872 1726 ¹⁰
897 1685 1071 1768 carissime,
1102 1686 1209 1749 consul
1245 1686 1455 1770 amplissime,
1486 1689 1643 1772 magister

497 1789 688 1852 dulcissime.
734 1787 814 1851 Vale
836 1788 880 1850 mi
904 1810 1039 1870 semper,
1064 1788 1171 1851 anima
1193 1786 1387 1851 dulcissima.

542 2027 601 2092 vl.
634 2026 680 2091 111.
696 2024 869 2091 Aurelius
893 2025 1021 2193 ansgr
1039 2026 1075 2110 >¹¹
1101 2025 1245 2090 consuli
1269 2021 1341 2090 Suo
1363 2026 1402 2090 et
1424 2026 1597 2108 Magistro

1003 2127 1153 2193 alutem.

581 2264 755 2347 Postquam
788 2262 826 2325 ad
858 2267 891 2326 te
928 2262 1072 2345 proxime
1100 2264 1229 2346 scripsi,
1265 2267 1377 2346 postea
1410 2264 1493 2327 nihil
1525 2287 1641 2348 operae

496 2368 655 2450 praetium
666 2367 689 2404 ¹²
717 2363 798 2447 quod
823 2364 862 2426 ad
889 2367 922 2427 te
945 2364 1148 2447 scriberetur,
1173 2366 1334 2449 aut'quod
1355 2367 1513 2429 monitum
1529 2367 1569 2429 ad
1585 2369 1641 2431 ali-

496 2491 590 2551 quem
612 2468 739 2530 modum
761 2466 891 2529 iuvaret.
923 2465 1008 2528 Nam
1030 2468 1082 2531 διὰ
1104 2472 1170 2531 τῶν
1194 2467 1301 2531 αὐτῶν
1322 2467 1390 2530 fere
1413 2468 1480 2530 dies
1502 2470 1641 2532 tramisi-

496 2592 576 2633 mus.
616 2568 704 2631 ldeni
725 2566 887 2629 theatrum
894 2617 902 2648 ,
930 2567 1014 2629 idem
1036 2567 1143 2630 odium
1152 2567 1186 2650 ¹3,
1217 2568 1302 2630 idern
1324 2569 1515 2650 desiderium
1537 2573 1638 2634 tuum.

495 2670 577 2746 Quid
600 2671 670 2733 dico
692 2669 798 2732 idern?
819 2668 917 2730 immo
939 2669 972 2731 id
995 2669 1125 2732 cottidie
1147 2671 1284 2732 novatur
1306 2673 1338 2733 et
1354 2670 1472 2754 gliscit.
1496 2670 1541 2733 nt
1556 2673 1640 2754 quod

496 2774 542 2836 ait
563 2771 717 2835 Laberius
740 2770 778 2833 de
801 2791 922 2853 amore,
952 2792 1008 2833 suo
1030 2772 1124 2833 modo
1148 2773 1198 2835 καὶ
1221 2772 1273 2835 ἐπὶ
1294 2773 1357 2856 ἰδίᾳ
1380 2774 1490 2856 μούεῃ,
1529 2776 1639 2837 αηιονὴ

580 3027 597 3064 a
618 3014 648 3063 In
666 3015 790 3076 margine:
809 3007 890 3062 Ficus
902 3007 1079 3077 pompeiana,
1098 3008 1158 3060 olus
1171 3007 1313 3075 aricinum,
1325 3025 1390 3062 rosa
1401 3010 1550 3076 tarentina,
1563 3013 1640 3065 lucus

495 3089 612 3161 densior,
630 3094 759 3164 platanus
777 3094 916 3146 umbrrsa.

579 3181 597 3234 b
618 3185 649 3232 In
667 3185 794 3246 marpioe:
813 3180 899 3231 Amor
916 3179 980 3229 tuus
998 3207 1030 3216 -
1048 3194 1148 3246 porrus
1166 3180 1226 3232 tam
1244 3180 1324 3232 lirina
1342 3197 1426 3246 quam
1444 3180 1546 3249 palma.

580 3407 592 3452 1
611 3399 680 3452 Post
696 3398 749 3450 hoc
766 3398 932 3452 vocabulum
949 3398 978 3450 in
997 3397 1098 3451 Codice
1121 3401 1270 3452 cernimtur
1288 3399 1405 3453 duarum
1424 3401 1581 3455 litterarum
1599 3403 1638 3454 in-

494 3494 571 3539 certa
589 3483 715 3552 vestigia.
1601 3492 1603 3501 '

579 3575 594 3622 ‘2
613 3565 731 3621 Orellius
750 3566 873 3620 coniicit:
892 3574 1017 3636 inpertire.

579 3661 594 3707 3
613 3651 729 3705 Orelliue
747 3651 870 3719 supplet:
889 3659 927 3704 uti
942 3657 1039 3705 videar.

577 3787 679 3842 icoc.
700 3735 809 3851 cillo.
887 3768 891 3777 ’

578 3881 594 3928 5
612 3873 694 3926 Certe
711 3868 835 3938 Rustico,
853 3888 943 3940 aquo
962 3873 1099 3928 didicerat
1115 3878 1150 3928 τὸ
1168 3878 1203 3929 τὰ
1222 3877 1366 3930 ἐπιετόλια
1378 3879 1493 3944 ἀφελῶ(
1506 3881 1636 3947 γράφειν,

493 3960 574 4013 aliter
591 3956 756 4026 scripsisset.

578 4049 593 4097 6
612 4044 645 4096 cf.
664 4041 832 4095 Lachmann.
853 4042 889 4096 ad
907 4044 1014 4098 Lucret.
1035 4063 1063 4113 p.
1079 4052 1134 4099 133.

514 4148 516 4150 ’
555 4151 559 4156 ·
578 4136 595 4183 7Ἰ
611 4126 798 4180 Heindorfius:
817 4132 908 4182 Habes
925 4150 964 4183 ea.
1055 4127 1058 4132 ’

577 4219 592 4266 8
610 4213 682 4266 Usus
699 4212 836 4281 postulat:
854 4220 966 4281 pociori.
996 4219 1171 4282 Heindorfius.

577 4305 592 4352 9
611 4297 677 4351 (lod.
696 4314 748 4350 sec.
768 4314 804 4350 111.
821 4318 936 4366 peresam.

561 4389 592 4436 10
609 4381 775 4436 Niebuhrius
792 4382 943 4436 rectissime
960 4383 1094 4450 intelligit
1111 4383 1235 4437 Marcum
1254 4386 1413 4452 Caesarem,
1431 4387 1520 4441 Maius
1537 4405 1635 4457 perpe-

492 4484 551 4522 ram
571 4467 677 4535 cogitat
694 4467 728 4520 de
746 4467 775 4519 L.
787 4466 869 4533 Vero,
889 4467 936 4532 qui
953 4468 1019 4520 tunc
1037 4484 1107 4535 puer
1125 4472 1187 4522 erat
1204 4471 1339 4523 tredecim
1358 4488 1501 4527 annorum.

561 4559 590 4605 11
608 4551 709 4619 incipit
727 4550 793 4605 Ood.
812 4551 939 4604 Ambros.
958 4569 985 4619 p.
1001 4557 1057 4605 109.

561 4643 591 4689 12
610 4636 756 4689 Cramerus
775 4636 886 4705 supplet
902 4640 961 4702 fait.

560 4728 591 4775 13
608 4720 709 4773 Maius:
729 4726 812 4774 otiiaem.
849 4719 928 4773 Coc:
947 4726 1003 4776 item
1021 4727 1112 4778 odium.
