4142 5659
499 701 574 746 XXX
934 678 1216 734 PROLEGOMENA.

586 852 721 917 Oireiter
744 873 864 914 annum
888 851 948 915 163
971 847 1021 914 vel
1043 851 1139 934 paulo
1160 853 1235 934 post
1257 850 1394 933 scriptas
1416 871 1485 913 esse
1508 851 1645 927 eoniieio

428 1014 429 1017 ,
488 950 566 1017 tres
595 953 745 1038 epistolas
774 953 890 1016 amoris
918 952 1031 1036 plenas
1061 954 1101 1016 ad
1130 953 1253 1015 Anton.
1277 951 1304 1035 I,
1329 953 1359 1016 3.
1382 952 1414 1014 4.
1437 952 1469 1016 5.
1520 952 1652 1035 Operae

500 1055 640 1139 pretium
669 1056 717 1118 est
744 1054 866 1137 videre,
901 1057 1022 1138 quanto
1054 1077 1148 1138 opere
1176 1054 1386 1138 philosophus
1416 1053 1578 1118 rhetorem
1601 1054 1646 1117 di-

500 1156 623 1220 lexerit.

585 1257 693 1321 Rebus
716 1258 751 1321 in
767 1257 860 1341 Syria
881 1280 1032 1341 prospere
1055 1258 1166 1342 gestis,
1191 1258 1320 1322 circiter
1335 1280 1457 1321 annum
1474 1258 1545 1340 165,
1570 1257 1647 1321 1111-

500 1362 557 1441 pta
579 1361 628 1422 est
648 1359 749 1444 longa
771 1360 811 1422 ad
834 1358 955 1423 Verum
977 1359 1113 1443 epistola
1127 1359 1170 1442 Π,
1190 1360 1219 1441 l,
1242 1360 1276 1422 in
1300 1382 1363 1442 qua
1385 1360 1474 1422 ducis
1498 1359 1647 1442 eloquen-

500 1461 547 1524 tia
573 1463 663 1524 miris
690 1462 792 1524 modis
819 1461 854 1524 111
883 1461 1006 1527 caelum
1029 1461 1170 1524 effertur.
1216 1460 1319 1534 Quam
1347 1484 1446 1545 quum
1468 1461 1648 1544 accepisset

501 1563 688 1652 Antoninus
710 1563 899 1646 legendam,
924 1563 1054 1646 scripsit
1074 1561 1118 1645 Π,
1142 1563 1180 1645 3;
1203 1563 1287 1646 quod
1309 1563 1481 1626 dolendum
1504 1565 1569 1644 est,
1599 1584 1647 1625 re-

501 1664 632 1748 spondit
658 1663 830 1727 Frontonis
859 1663 995 1747 epistola
1021 1664 1164 1729 nondum
1198 1664 1297 1727 lecta:
1333 1665 1443 1748 itaque
1470 1664 1552 1727 11111
1580 1685 1647 1726 non

502 1787 685 1848 possumus,
715 1765 791 1848 quid
819 1767 857 1828 de
883 1769 952 1829 tam
984 1765 1080 1828 foeda
1113 1766 1297 1828 adulatione
1329 1766 1529 1829 iudicaverit.
1575 1764 1647 1828 Hoc

503 1870 588 1930 certe
609 1867 701 1930 video
723 1866 921 1930 Frontonem
942 1867 978 1929 in
1000 1864 1110 1929 Marco
1132 1867 1291 1930 laudando
1321 1867 1422 1930 solere
1451 1889 1519 1930 1111
1542 1867 1647 1929 mode-

502 1969 642 2032 stiorem.
1365 1966 1367 1969 ¹

585 2069 661 2133 Non
694 2068 845 2133 definiam
876 2072 1004 2152 tempus
1037 2092 1099 2153 quo
1131 2069 1251 2132 Fronto
1280 2069 1417 2133 Gavium
1449 2069 1579 2134 Clarum
1611 2070 1647 2134 in

502 2172 614 2234 Asiam
641 2164 860 2255 profecturum
889 2170 975 2234 Vero
1006 2172 1240 2235 commendavit
1246 2220 1254 2253 ,
1267 2155 1270 2161 ⁸
1284 2170 1317 2232 Π
1324 2221 1332 2253 ,
1364 2171 1393 2234 7.
1447 2170 1509 2234 Sed
1542 2171 1647 2235 Verus

501 2276 643 2356 rogarat,
667 2276 704 2336 ut
718 2273 780 2336 sibi
795 2271 968 2336 Frontonis
984 2272 1145 2335 orationes
1167 2273 1203 2335 in
1220 2271 1345 2355 Syriam
1367 2294 1466 2355 usque
1481 2273 1647 2336 mitteren-

502 2377 569 2436 tur:
593 2377 669 2437 sunt
691 2396 729 2437 ea
751 2375 789 2436 de
812 2397 847 2437 re
869 2374 950 2436 duae
973 2373 1127 2456 epistolae
1151 2374 1190 2436 ad
1206 2373 1329 2436 Anton.
1352 2372 1396 2456 ΙΙ,
1422 2374 1439 2437 7
1463 2376 1496 2436 11
1518 2374 1548 2437 8.
1580 2374 1645 2438 Ita-

502 2497 563 2558 que
578 2474 698 2538 Fronto
713 2475 768 2559 qui
789 2496 893 2559 nuper
915 2496 1046 2537 uxorem
1069 2478 1102 2538 11
1123 2478 1273 2559 nepotem
1296 2475 1457 2556 amiserat,
1481 2475 1536 2558 qui
1560 2476 1645 2558 apud

502 2599 536 2639 se
552 2577 748 2640 educabatur
762 2615 804 2624 -
818 2577 908 2640 brevi
928 2579 1003 2639 ante
1024 2576 1105 2639 alius
1127 2599 1227 2660 nepos
1248 2577 1283 2639 in
1307 2575 1480 2653 Germania
1501 2580 1646 2640 mortuus

503 2681 582 2761 erat,
606 2699 668 2763 quo
691 2699 791 2761 gener
813 2679 880 2742 eius
903 2678 1049 2741 Aufidius
1065 2678 1251 2742 Victorinus
1272 2679 1422 2741 adversus
1439 2677 1549 2742 Cattos
1572 2679 1646 2742 mis-

503 2801 556 2842 sus
579 2782 664 2862 erat,
694 2780 817 2862 dequo
840 2802 915 2843 casu
937 2801 1033 2843 senex
1055 2780 1206 2843 flebiliter
1228 2781 1372 2863 queritur
1392 2780 1428 2843 in
1451 2780 1586 2862 epistola
1609 2787 1647 2842 de

503 2885 618 2960 Nepote
638 2886 809 2945 11111111-
824 2882 983 2944 orationes
1005 2881 1108 2945 mittit
1130 2904 1202 2944 eum
1217 2881 1321 2964 Epist.
1344 2882 1383 2944 ad
1398 2881 1474 2944 Ver.
1489 2881 1533 2963 Il,
1547 2882 1577 2963 9,
1596 2882 1646 2944 eui

502 2981 606 3045 Verus
622 2984 794 3066 respondet
805 2982 848 3065 ΙΙ,
864 2983 913 3046 10.
940 2983 1040 3046 Paulo
1052 2985 1126 3066 post
1137 2983 1171 3045 in
1184 2982 1288 3064 Epist.
1302 2982 1345 3065 ΙΙ,
1359 2983 1379 3044 3
1391 2981 1570 3065 Imperator
1581 3005 1646 3045 ma-

503 3083 641 3165 gistrum
658 3084 800 3168 rogarit,
817 3088 855 3148 ut
874 3071 981 3148 rerum
999 3107 1018 3148 a
1041 3107 1074 3147 se
1096 3087 1261 3168 gestarum
1281 3083 1449 3147 historiam
1468 3084 1645 3166 conseribe-

502 3186 566 3267 ret3
588 3185 724 3249 mirifica
739 3189 815 3250 sunt
837 3189 904 3250 eius
928 3187 1062 3250 consilia
1084 3187 1122 3248 de
1145 3186 1269 3249 ratione
1284 3185 1453 3248 historiam
1474 3185 1644 3249 scribendi.

502 3285 575 3348 Hac
597 3278 721 3371 quoque
743 3289 778 3352 in
794 3310 828 3350 re
848 3287 969 3352 Fronto
990 3288 1146 3370 principis
1168 3287 1328 3350 voluntati
1350 3287 1520 3350 obsecutus
1543 3289 1592 3350 est
1614 3290 1647 3350 et

503 3387 632 3470 scripsit
654 3389 828 3470 exordium,
854 3389 904 3452 cui
919 3389 1052 3451 titulum
1074 3389 1161 3451 dedit
1176 3395 1338 3467 Principia
1359 3395 1512 3453 historiae.
1546 3388 1585 3452 In
1610 3411 1646 3451 eo

503 3488 655 3569 opusculo
677 3511 727 3552 res
750 3492 861 3572 gestae
881 3489 990 3552 ¹Avidii
1013 3489 1116 3552 Cassii
1137 3489 1223 3552 Vero
1245 3489 1433 3553 tribuuntur
1456 3492 1488 3552 et
1509 3489 1645 3571 impera-

393 3667 396 3673 ·
502 3591 569 3671 tor,
598 3575 656 3671 qui
681 3590 938 3672 quinquennium
959 3589 1154 3653 Antiochiae
1182 3591 1303 3654 desidia
1324 3594 1543 3675 transegerat,
1574 3613 1646 3654 eum

504 3690 635 3752 summis
658 3690 791 3753 ducibus
812 3691 1016 3774 impudenter
1040 3694 1253 3775 comparatur.
1285 3692 1376 3757 Fecit
1397 3693 1499 3776 igitur
1513 3692 1644 3774 Fronto,

503 3791 587 3873 quod
608 3791 763 3874 plurimos
785 3792 870 3875 illius
892 3792 969 3857 belli
991 3794 1163 3877 scriptores
1185 3795 1299 3858 fecisse
1323 3795 1473 3876 coniicio,
1498 3795 1552 3879 qui
1567 3793 1645 3857 Veri

503 3893 643 3976 gratiam
660 3895 842 3976 captarent3
864 3893 947 3958 nihil
963 3917 1072 3959 eorum
1086 3897 1244 3961 intererat
1258 3896 1334 3979 quid
1350 3896 1537 3977 seriberent,
1557 3896 1645 3958 dum-

502 3995 596 4057 modo
619 3994 799 4058 sententiae
821 3995 903 4059 bene
927 3997 1088 4061 caderent.
1120 3997 1282 4080 Superest,
1305 4000 1342 4060 ut
1364 3997 1440 4077 dixi,
1465 3996 1645 4079 exordium3

503 4096 615 4179 quodsi
640 4099 757 4167 ,tamen
785 4096 905 4161 Fronto
937 4100 1042 4161 totum
1074 4098 1194 4162 bellum
1227 4097 1432 4181 conscripsit,
1471 4098 1533 4160 hoc
1566 4119 1645 4180 opus

502 4198 627 4260 interiit
655 4200 688 4260 et
714 4198 809 4261 facile
833 4198 975 4263 contenti
1006 4222 1115 4263 sumus
1142 4201 1343 4283 fragmento,
1378 4199 1462 4281 quod
1489 4199 1645 4276 γεύματος

503 4301 595 4377 χάριν
619 4299 659 4361 ad
680 4298 802 4363 Verum
823 4301 964 4365 miserat.
1022 4334 1023 4337 ¹
1551 4291 1553 4297 ’

587 4400 687 4463 Paulo
710 4404 785 4464 ante
808 4403 946 4465 reditum
968 4401 1046 4465 Veri
1069 4403 1207 4484 scriptae
1230 4404 1306 4464 sunt
1328 4401 1421 4484 epist.
1445 4401 1485 4462 ad
1500 4400 1576 4464 Ver.
1600 4401 1643 4483 ll,

503 4501 578 4563 411
599 4501 629 4564 5.
674 4501 780 4567 Unica
807 4507 968 4587 superest,
1004 4503 1147 4565 omnium
1174 4505 1211 4565 ut
1237 4503 1363 4566 videtur
1390 4501 1520 4584 ultima,
1549 4525 1646 4585 quam

504 4600 607 4667 Verus
630 4605 759 4687 scripsit
780 4606 815 4668 in
837 4604 975 4688 patriam
1002 4604 1150 4688 11111111,
1174 4603 1205 4666 2.
1252 4603 1410 4667 Credibile
1440 4606 1489 4666 est
1510 4604 1644 4667 Fronto-

503 4725 578 4768 nem
600 4706 695 4788 paulo
717 4710 791 4788 post
813 4709 926 4769 exacta
949 4708 1055 4768 aetate
1078 4705 1162 4768 diem
1184 4705 1310 4768 obiisse.
