4142 5659
502 678 563 745 134
717 676 754 730 Μ.
774 674 945 729 CORNELII
962 673 1170 729 FRONTONIS
1188 673 1446 729 EPISTULARUM

426 867 428 871 ·
500 868 537 909 eo
560 850 638 929 aput
666 849 698 910 te
721 868 759 909 ex
783 846 882 909 animi
905 846 969 908 mei
998 846 1161 908 sententia
1191 868 1260 909 sum
1288 846 1464 909 fabulatus.
1510 846 1580 911 Nec
1609 847 1655 910 ab

500 971 534 1010 re
557 969 624 1011 esse
647 951 724 1031 puto
746 969 919 1011 memorem
940 952 973 1011 te
996 950 1106 1020 tamen
1129 948 1312 1012 admonere.

585 1050 615 1111 A
642 1051 745 1133 prima
774 1053 878 1113 aetate
905 1071 962 1113 sua
984 1071 1035 1112 me
1059 1049 1183 1113 curavit
1205 1049 1324 1113 Gavius
1348 1050 1462 1115 Clarus
1482 1050 1655 1114 familiari·

499 1155 559 1234 ter,
584 1173 650 1214 non
671 1151 765 1215 modo
787 1152 827 1214 iis
849 1151 975 1234 officiis,
999 1151 1113 1235 quibus
1130 1154 1259 1215 senator
1274 1155 1379 1216 aetate
1400 1156 1433 1215 et
1453 1152 1524 1216 loeo
1545 1153 1656 1216 minor

500 1253 653 1317 maiorem
675 1254 778 1337 gradu
801 1256 896 1336 atque
919 1256 999 1316 natu
1015 1256 1196 1317 senatorem
1218 1254 1318 1337 probe
1337 1255 1414 1317 colit
1429 1276 1467 1317 ac
1490 1276 1654 1336 promere-

501 1358 567 1437 tur3
590 1355 646 1417 sed
667 1355 823 1438 paulatim
846 1355 989 1418 amicitia
1002 1354 1117 1418 ⁴nostra
1132 1377 1168 1418 eo
1183 1356 1350 1439 processit,
1374 1360 1411 1419 ut
1432 1378 1536 1438 neque
1558 1356 1655 1418 illum

501 1456 629 1540 pigeret
650 1477 754 1539 neque
769 1478 820 1519 me
835 1457 979 1539 puderet,
1005 1479 1043 1520 ea
1058 1456 1150 1520 illurn
1166 1458 1313 1521 oboedire
1335 1457 1426 1539 mihi,
1450 1479 1531 1541 quae
1553 1458 1655 1521 clien-

500 1559 586 1640 1111,
617 1580 698 1641 quae
725 1557 833 1620 liberti
862 1558 971 1621 fideles
1000 1580 1038 1621 ac
1060 1559 1212 1639 laboriosi
1234 1560 1442 1641 obsecuntur3
1469 1558 1560 1622 nulla
1589 1559 1655 1623 hoc

502 1663 557 1722 aut
585 1681 656 1722 mea
683 1658 857 1722 insolentia
885 1662 940 1721 aut
966 1659 1053 1722 illius
1083 1660 1282 1742 adulatione3
1311 1661 1366 1724 sed
1388 1664 1500 1723 mutua
1531 1664 1655 1724 caritas

501 1764 612 1825 nostra
634 1766 667 1824 et
688 1782 778 1825 amor
800 1783 893 1824 verus
917 1761 1036 1824 ademit
1057 1762 1184 1844 utrique
1199 1765 1346 1825 nostrum
1361 1762 1396 1825 in
1411 1760 1528 1825 officiis
1544 1763 1654 1826 mode·

501 1864 610 1926 randis
633 1884 760 1926 omnem
782 1863 1076 1926 detrectationem

586 1963 668 2039 Quid
690 1986 749 2048 ego
764 1985 936 2027 memorem
957 1965 1091 2046 negotia
1112 1964 1147 2026 in
1168 1965 1238 2028 foro
1261 1969 1372 2028 nostra
1394 1965 1529 2028 minima
1550 1967 1654 2028 maxi-

452 2079 458 2089 '
501 2088 615 2150 maque
638 2067 679 2129 ab
702 2088 739 2130 eo
762 2065 896 2129 curata?
934 2068 990 2128 aut
1012 2066 1096 2128 domi
1123 2065 1226 2148 quod²
1248 2067 1375 2149 uspiam
1397 2070 1483 2130 recte
1507 2067 1655 2130 clausum

502 2171 557 2231 aut
584 2169 792 2252 opsignatum
827 2170 883 2229 aut
913 2168 1059 2230 curatum
1087 2170 1143 2230 aut
1173 2167 1354 2230 confectum
1387 2169 1494 2251 {³quid
1522 2169 1651 2252 vellem,

500 2292 551 2332 me
575 2271 631 2333 uni
653 2270 729 2334 huie
751 2269 920 2331 mandasse
943 2270 976 2331 et
999 2267 1256 2332 concredidisse?
1555 2340 1559 2345 ⁴

589 2370 650 2435 sed
672 2370 756 2454 quod
779 2369 927 2432 alumnus
942 2391 1032 2432 meus
1055 2391 1151 2453 aegre
1168 2369 1335 2453 tuleraret,
1360 2371 1538 2435 valetudini
1561 2393 1653 2435 meae

502 2472 669 2543 curandae¹
692 2473 739 2534 ita
774 2493 899 2554 semper
932 2471 1070 2552 studuit,
1104 2474 1232 2534 tantam
1265 2473 1353 2535 omni
1380 2476 1525 2557 tempore
1553 2473 1653 2536 etiam

501 2596 632 2657 operam
654 2572 755 2654 dedit,
786 2576 823 2635 ut
850 2572 1022 2635 excubaret
1046 2573 1144 2635 etiam
1167 2593 1264 2657 aegro
1287 2573 1383 2655 mihi,
1409 2578 1456 2656 et,
1487 2575 1543 2637 ubi
1571 2575 1652 2638 meis

417 2660 421 2666 ⁵
502 2697 562 2759 ego
584 2674 633 2737 uti
655 2673 802 2737 manibus
825 2694 882 2756 per
903 2673 1121 2737 valetudinem
1142 2696 1209 2737 non
1232 2696 1376 2757 possem,
1405 2698 1504 2739 manu
1528 2698 1586 2738 sua
1610 2677 1653 2739 ci-

502 2777 559 2840 bos
582 2777 678 2839 ades
700 2797 807 2838 meum
830 2775 980 2839 adferret.
1026 2773 1192 2838 Postremo
1215 2776 1242 2839 si
1264 2777 1341 2859 quid
1362 2777 1567 2859 humanituS,
1598 2777 1652 2840 ab·

502 2880 592 2942 sente
615 2876 782 2955 Victorino
810 2880 843 2940 et
865 2877 993 2939 domino
1015 2876 1117 2939 fratre
1139 2899 1226 2958 meo,
1256 2877 1335 2941 mihi
1358 2879 1545 2960 accidisset,
1576 2878 1652 2942 huic

502 2981 587 3042 iusta
610 2979 734 3061 corpori
756 3000 827 3042 meo
851 2978 992 3042 curanda
1014 2978 1174 3041 mandavi.
1206 2978 1434 3043 Praesentibus
1453 2980 1552 3043 etiam
1574 2980 1651 3061 illis,

503 3082 543 3144 ab
558 3081 618 3155 hoc
633 3080 835 3162 potissimum
859 3101 972 3162 eorpus
995 3100 1102 3142 meum
1125 3081 1320 3143 contrectari
1342 3081 1439 3162 volui,
1463 3103 1526 3164 quo
1542 3082 1652 3145 minus

503 3183 619 3246 doloris
643 3183 682 3245 ad
704 3183 838 3244 fratrem
861 3183 894 3245 et
921 3203 1075 3264 generum
1104 3203 1210 3244 meum
1238 3203 1277 3244 ex
1300 3184 1451 3245 contactu
1474 3182 1559 3244 ull0⁴
1585 3205 1652 3245 cor-

503 3285 589 3366 pon's
611 3284 674 3347 mei
696 3283 888 3367 perveniret.

475 3384 477 3387 ’
557 3384 676 3455 xHaec
705 3385 784 3447 mihi
813 3405 885 3446 cum
914 3382 1015 3446 Gavio
1045 3382 1138 3447 Claro
1165 3384 1236 3447 iura
1264 3385 1372 3447 suntb.
1418 3385 1488 3447 Iam
1517 3406 1594 3468 ego,
1625 3377 1653 3448 11

503 3508 553 3549 111
575 3476 745 3549 familiaris
767 3485 847 3547 mihi
869 3484 996 3567 largior
1012 3486 1106 3566 esset,
1131 3506 1172 3547 ne
1194 3485 1270 3567 quid
1294 3486 1333 3548 ad
1356 3485 1516 3549 senatoris
1539 3487 1653 3549 munia

502 3587 597 3650 facile
620 3586 787 3649 toleranda
810 3586 963 3667 deesset⁵‚
987 3584 1096 3647 cmni⁶
1118 3607 1178 3668 ope
1200 3586 1419 3649 subvenirem:
1456 3607 1561 3668 neque
1584 3609 1652 3649 um-

589 3805 606 3842 a
625 3792 658 3841 In
676 3794 802 3856 marpine:
820 3788 918 3841 Mutua
936 3788 1038 3841 caritas
1056 3788 1154 3841 nostra
1172 3789 1201 3840 et
1219 3802 1299 3841 amor
1312 3804 1400 3851 verus
1413 3787 1520 3841 ademit
1539 3787 1652 3856 utrique

503 3874 628 3928 nostrum
645 3873 674 3925 in
693 3871 791 3926 officiis
808 3871 986 3927 moderandis
1004 3870 1181 3926 insolentiam
1200 3872 1228 3924 et
1246 3871 1444 3925 adulationem.

589 3957 607 4010 b
627 3961 659 4010 In
677 3963 804 4025 marpine:
822 3957 898 4010 Haec
915 3955 984 4008 mihi
1002 3987 1034 3994 —
1053 3956 1125 4009 sunt.

591 4135 604 4180 1
622 4128 710 4181 Fuere
728 4126 823 4195 igitur,
842 4125 890 4193 qui
903 4142 920 4178 a
935 4124 1073 4178 libertinis
1087 4123 1188 4178 diversi
1200 4126 1300 4189 essent,
1321 4123 1435 4178 clientes
1446 4124 1654 4179 Antoninorum

505 4215 595 4268 adhuc
619 4214 724 4276 aetate,
747 4211 783 4265 ad
806 4227 890 4278 quam
914 4209 1026 4262 omnino
1049 4208 1137 4261 multa
1159 4225 1193 4262 111
1217 4210 1341 4262 veterum
1364 4224 1442 4261 more
1469 4209 1653 4266 duraverunt.

505 4303 665 4352 Niebuhrius.
1021 4338 1034 4356 ,-
1120 4344 1125 4351 .

592 4389 606 4433 2
625 4380 813 4435 Heindorfius:
834 4386 946 4447 1111111,-
963 4376 1114 4446 Hauptius:
1133 4398 1213 4447 quom.

590 4475 605 4521 3
623 4465 725 4534 Incipit
743 4462 808 4517 Cod.
828 4482 855 4531 p.
873 4468 931 4516 424.

589 4556 606 4603 4
624 4548 728 4603 Codex:
747 4557 881 4602 contactae
900 4587 905 4597 .
928 4589 932 4598 .
954 4588 959 4597 .

591 4640 607 4688 5
625 4633 730 4688 Codex:
755 4638 864 4691 densent,
883 4631 912 4684 et
931 4646 1000 4683 corr.
1020 4636 1148 4684 deessent.

507 4782 508 4785 Ἴ
591 4724 606 4772 6
624 4716 765 4786 Legerim:
785 4720 851 4770 omni
867 4722 893 4767 ei
909 4734 966 4782 ope.
1003 4719 1177 4780 Heindorfius.
