4142 5659
521 650 580 712 198
729 646 765 698 Μ.
786 644 955 699 CORNELII
973 641 1180 696 FRONTONIS
1198 640 1454 694 EPISTULARUM

607 815 774 878 ¹Proculus
800 864 807 878 .
833 865 839 878 .
867 866 873 878 .
900 865 906 877 .
937 813 1105 876 biennium
1132 811 1212 874 illud
1236 861 1243 874 .
1269 863 1275 875 .
1302 863 1309 875 .
1334 813 1414 875 est.
1442 861 1449 874 .
1476 861 1483 874 .
1529 773 1663 876 Homini>

517 919 585 981 seni
608 916 760 1000 quidquid
782 917 913 980 interim
934 915 972 977 fit
979 964 987 997 ,
1011 915 1102 977 iuxta
1124 912 1255 976 interim
1277 913 1358 975 fita.
1381 963 1387 975 .
1414 963 1421 975 .
1448 963 1455 976 .
1479 913 1661 998 inrogatam

519 1018 752 1102 ..praevertit
771 1021 809 1101 et
830 1016 1086 1101 quinquennium
1100 1016 1136 1078 in
1157 1015 1334 1078 triennium
1357 1015 1485 1078 artavit.
1516 1014 1661 1098 Namque
1766 1015 1771 1029 ‘

517 1143 653 1185 meum.
680 1144 686 1184 ;
711 1119 778 1182 lata
800 1123 869 1182 tum
893 1168 899 1181 .
927 1168 934 1181 .
963 1118 1055 1180 nium
1075 1116 1156 1180 facit
1180 1166 1187 1179 .
1214 1165 1220 1178 .
1253 1116 1457 1179 clementer.
1485 1165 1492 1178 .
1588 1166 1594 1178 .
1622 1166 1628 1178 .
1653 1166 1660 1179 .

519 1267 1290 1287 ........................
1317 1212 1545 1299 2.....}²
1588 1215 1661 1279 Pro-

519 1324 608 1387 culus
630 1323 725 1386 homo
747 1323 881 1406 ingenio
904 1322 945 1384 ad
968 1324 1074 1384 cetera
1096 1320 1229 1383 remisso
1252 1321 1285 1382 et
1300 1318 1447 1401 delicato,
1472 1319 1578 1382 sedin
1594 1341 1663 1382 sen-

517 1425 629 1489 tentiis
652 1423 798 1488 dicundis
815 1423 855 1486 ad
875 1423 1075 1506 puniendum
1097 1421 1192 1505 paulo
1213 1420 1433 1484 vehementior
1449 1423 1481 1482 et
1495 1421 1664 1483 infestior3

521 1577 527 1590 .
554 1576 561 1589 .
585 1525 733 1608 Plerique
762 1525 802 1587 ad
825 1526 930 1587 cetera
964 1521 1141 1610 [minime]4
1170 1523 1260 1604 serii,
1291 1523 1326 1585 in
1352 1521 1523 1585 iudicando
1555 1524 1664 1584 tamen

519 1628 624 1711 asperi
645 1627 751 1707 fuere3
783 1625 907 1688 scilicet
934 1628 971 1687 ut
993 1645 1051 1708 pro
1074 1624 1244 1687 severitate
1271 1645 1334 1706 qua
1366 1622 1530 1704 carebant,
1554 1623 1664 1686 obten-

520 1728 590 1791 sui⁵
612 1727 781 1790 saevitiam
804 1726 1050 1790 subomarentb.

603 1828 776 1892 Biennium
797 1831 876 1891 tunc
899 1827 936 1890 de
961 1877 967 1888 .
994 1877 1001 1890 .
1026 1827 1117 1891 dem⁶
1132 1827 1305 1891 Volumnio
1320 1848 1379 1910 pro
1396 1875 1507 1889 .....
1525 1848 1665 1890 nunc..

522 1931 685 1995 biennium
707 1930 774 1993 vita
799 1980 806 1992 .
833 1979 839 1992 .
865 1928 917 2012 agi
942 1933 1015 1991 ate
1041 1978 1073 1991 ..
1097 1930 1186 1993 entia
1208 1931 1265 1991 tua
1286 1941 1369 1992 res'.
1395 1979 1401 1990 .
1426 1928 1554 1992 detrahi
1575 1929 1667 2012 igno-

519 2032 653 2096 miniam
675 2031 799 2095 iusseris
822 2029 1004 2113 nepotibus,
1033 2050 1152 2113 genere
1184 2029 1354 2111 adfinibus
1379 2029 1494 2112 quibus
1519 2079 1525 2092 .
1552 2080 1558 2092 .
1583 2031 1667 2092 dorni

521 2137 647 2217 patrem
678 2133 855 2212 fratresque
883 2131 1059 2214 reliqueris.
1106 2130 1245 2195 Subleva
1279 2131 1497 2195 misericordia
1530 2134 1667 2195 aetatem

522 2233 713 2298 familiarem
740 2233 799 2297 tibi
829 2236 861 2296 et
883 2232 1055 2316 patritamc
1080 2282 1087 2296 .
1114 2283 1120 2295 .
1148 2283 1154 2295 .
1181 2233 1208 2295 ,⁷
1237 2236 1270 2295 et
1297 2232 1497 2312 rescindasl8
1522 2283 1528 2294 .
1556 2232 1666 2296 ‚inte-

522 2336 583 2398 rim
604 2335 652 2397 dis
677 2386 683 2397 .
710 2384 716 2396 .
741 2335 790 2397 vel
812 2337 901 2397 tutus
924 2355 997 2397 eum
1019 2333 1047 2396 si
1068 2333 1136 2396 vita
1225 2333 1275 2396 vel
1297 2334 1385 2396 dolor
1410 2383 1416 2396 .
1443 2381 1450 2395 .
1475 2334 1604 2397 decurio
1629 2385 1635 2395 .
1660 2382 1666 2396 .

523 2458 582 2519 pec
607 2485 613 2498 .
641 2485 647 2497 .
671 2438 704 2498 te
730 2484 735 2497 .
762 2486 768 2498 .
793 2456 899 2498 meum
928 2483 935 2497 .
962 2485 968 2496 .
997 2435 1033 2497 in
1061 2437 1125 2498 te.
1152 2438 1275 2498 ,neret
1304 2435 1357 2518 qui
1390 2486 1396 2498 .
1424 2485 1430 2497 .
1455 2456 1583 2498 omnem
1612 2456 1668 2517 pro

524 2537 733 2608 decurionatu
761 2536 930 2618 pecuniam
958 2535 1172 2617 dependisset.
1219 2535 1288 2600 Sibi
1313 2586 1319 2598 .
1346 2586 1352 2598 .
1376 2536 1411 2598 ni
1435 2587 1440 2599 .
1466 2587 1472 2598 .
1497 2558 1591 2616 num,
1624 2535 1668 2597 fili

526 2687 532 2699 .
559 2686 565 2699 .
590 2637 625 2698 ni
649 2687 654 2698 .
680 2657 761 2719 quae
786 2686 792 2698 .
818 2685 824 2698 .
851 2686 857 2697 .
881 2636 1009 2717 quidem
1030 2636 1192 2699 interdum
1214 2637 1315 2700 facias
1340 2687 1346 2699 .
1373 2688 1379 2700 .
1406 2639 1434 2699 ‚⁹

610 2887 626 2922 a
643 2873 678 2922 In
695 2875 821 2937 margine:
839 2870 951 2923 Homini
968 2871 1047 2924 iuxta
1063 2872 1176 2925 interim
1193 2874 1232 2925 fit.

608 2953 627 3005 b
647 2958 680 3006 ln
697 2959 823 3022 nicrpine:
842 2953 969 3022 Plerique
988 2955 1025 3008 ad
1044 2956 1137 3009 cetera
1153 2954 1265 3009 UISINI
1285 3001 1289 3009 .
1311 3001 1316 3010 .
1335 2957 1375 3009 NI
1392 2956 1457 3010 serii
1475 2987 1507 2995 -
1527 2957 1669 3021 carebant,

526 3039 576 3092 obt
595 3082 600 3091 ,
623 3082 627 3091 .
649 3080 654 3090 .
673 3037 702 3090 ui
720 3048 792 3092 saev'.
813 3038 1005 3092 subornarent.

535 3162 541 3171 .
612 3126 677 3175 cIn
694 3128 819 3190 mareiae:
839 3120 959 3176 Subleva
977 3124 1099 3177 aetatem
1117 3126 1134 3177 f.
1154 3126 1173 3177 t.
1195 3127 1224 3178 et
1241 3126 1306 3194 patr
1326 3167 1331 3177 .
1353 3169 1357 3177 .
1380 3169 1385 3178 .
1405 3144 1440 3179 rn.

614 3333 626 3378 1
649 3326 750 3395 Incipit
771 3327 860 3380 altera
882 3312 1018 3380 columna.
1042 3357 1074 3364 —
1102 3327 1176 3379 Num
1198 3327 1245 3381 ille
1267 3328 1400 3382 Proculus
1418 3329 1454 3382 ad
1472 3346 1557 3396 quem
1575 3329 1671 3383 rescri-

526 3412 642 3479 pserunt
659 3409 716 3464 divi
732 3410 834 3463 fratres
853 3409 910 3478 dig.
929 3409 1026 3463 XXVI.
1047 3416 1070 3463 5.
1090 3417 1139 3463 24?
1169 3416 1264 3465 Maius.

612 3502 627 3548 2
646 3494 777 3562 Sequitur
795 3492 862 3547 eod.
880 3513 908 3563 p.
928 3501 986 3559 299,
1006 3494 1081 3546 cuius
1099 3510 1200 3548 novem
1217 3495 1300 3565 primi
1317 3513 1411 3550 versus
1429 3498 1500 3551 erasi
1519 3499 1591 3551 sunt.
1654 3493 1668 3499 ”

613 3587 628 3632 3
647 3577 713 3632 Cod.
733 3580 764 3631 ut
782 3577 871 3632 amico
890 3578 1001 3647 quidem
1019 3578 1179 3633 videbatur:
1200 3586 1317 3634 dicendis
1329 3587 1372 3635 cd.
1386 3587 1519 3636 uniendam
1535 3591 1613 3650 paulo
1626 3595 1671 3636 al.

530 3704 618 3719 .....
633 3668 691 3716 inor
709 3674 734 3715 el
751 3667 828 3728 infert
843 3705 848 3716 .
864 3702 870 3716 .
884 3702 890 3713 .
903 3661 1060 3716 Particulae
1073 3669 1108 3716 cd
1124 3665 1210 3732 postr.
1223 3664 1276 3717 litt.
1297 3682 1381 3734 aegre
1400 3666 1581 3735 distinguitur
1598 3669 1628 3721 et
1644 3668 1672 3719 in

526 3753 679 3816 prcrrieadum
702 3746 755 3799 litt.
776 3767 791 3798 u
810 3763 824 3799 e
843 3746 1015 3800 correctione
1034 3749 1082 3800 est.
1120 3747 1208 3801 Maius
1227 3749 1324 3802 scribit
1346 3752 1437 3818 [pardo
1456 3753 1574 3819 derisor,
1598 3751 1673 3819 quod

404 3911 408 3919 ⁸
459 3855 460 3859 ¹
529 3849 585 3886 non
603 3829 704 3884 sufficit
722 3830 759 3883 ad
776 3829 897 3898 spatium
915 3830 1089 3899 explendum.

613 3921 629 3968 4
647 3915 691 3968 Ita
707 3913 806 3968 Maius.
831 3913 876 3966 Du
892 3913 963 3968 Rieu
976 3931 990 3968 e
1002 3914 1130 3983 margine
1149 3916 1307 3987 descripsit:
1326 3918 1436 3972 UISINI
1457 3961 1461 3971 .
1483 3963 1487 3971 .
1507 3920 1558 3972 Nl:
1577 3920 1673 3988 itaquo

530 4001 646 4054 fortasse
663 3999 791 4068 praestat
808 4003 855 4052 visi
871 4004 975 4052 minime.

614 4090 630 4138 5
646 4083 768 4138 Ultimae
785 4082 897 4137 litterae
914 4083 1037 4138 incertae
1055 4085 1129 4139 visae
1148 4088 1224 4152 sunt,
1246 4088 1307 4140 tum
1324 4088 1354 4140 in
1371 4089 1449 4142 textu
1471 4090 1533 4141 tum
1555 4087 1584 4141 in
1601 4106 1674 4142 mar-

530 4168 603 4235 gine.
638 4167 728 4224 Maius
745 4171 841 4221 tamen
859 4166 961 4221 diserte
979 4169 1102 4223 affirmat
1119 4186 1147 4223 se
1165 4172 1284 4238 utroque
1306 4172 1368 4225 Ioco
1386 4171 1488 4239 legisse
1507 4172 1582 4238 quod
1600 4173 1673 4226 dedi.

615 4258 631 4305 6
648 4253 692 4307 Ita
708 4252 805 4307 Maius.
842 4252 953 4306 Amicus
972 4251 1110 4306 distinxit:
1129 4256 1196 4307 tunc
1213 4254 1310 4308 DGEN
1329 4300 1334 4308 .
1356 4299 1361 4308 .
1383 4298 1388 4308 .
1407 4256 1547 4312 DEOEUUI.

614 4343 628 4389 7
647 4337 758 4391 Amicus
775 4336 857 4391 vidit:
875 4343 997 4406 patritam
1018 4380 1022 4389 .
1044 4382 1049 4390 .
1069 4338 1094 4390 Ν
1114 4382 1119 4391 .
1139 4337 1179 4391 OS
1200 4382 1204 4391 .
1227 4383 1231 4392 .
1252 4381 1259 4396 .
1279 4383 1283 4392 .
1303 4340 1350 4393 ΕΤ
1369 4345 1510 4393 rescindas

615 4424 631 4472 8
650 4419 780 4489 Sequitur
798 4421 864 4476 cod.
884 4439 913 4490 p.
932 4428 989 4476 298.
1379 4428 1382 4432 ’

616 4511 631 4558 9
649 4505 693 4558 Ad
709 4506 792 4560 finem
810 4506 944 4576 epistulae
961 4507 1032 4567 latet
1050 4525 1134 4560 unum
1152 4508 1280 4574 verbum,
1304 4509 1379 4577 quod
1396 4509 1490 4576 legere
1513 4527 1568 4563 non
1586 4509 1673 4578 potui.

524 4593 563 4644 ¹In
585 4587 665 4642 huius
687 4591 781 4644 autem
802 4590 923 4660 paginae
938 4593 1103 4660 postremae
1124 4591 1229 4646 lacunis
1252 4594 1342 4647 latent
1364 4610 1459 4647 versus
1476 4594 1579 4647 XXHI:
1609 4611 1675 4647 nam

531 4690 613 4729 versu
631 4675 730 4742 quarto
750 4677 778 4728 et
795 4674 925 4728 vicesimo
944 4675 1042 4745 incipit
1059 4692 1175 4743 sequens
1193 4676 1320 4746 epistula.
1358 4681 1453 4734 Maius,
