4142 5659
888 658 1168 712 raonasonanr.
1555 681 1606 727 vn

460 853 584 893 summa
612 831 782 914 diligentia
800 830 970 914 'quaesivit
996 829 1209 914 NiebuhriuS,
1244 854 1306 914 qua
1339 833 1464 896 ratione
1497 835 1605 898 omnia

459 932 572 995 melius
594 933 815 1015 procederent.
848 931 908 1007 Qui
931 955 1028 1016 quum
1052 933 1333 1015 reprehensionem
1354 957 1419 998 non
1443 936 1603 1020 effugerit,

459 1035 550 1117 quasi
572 1033 608 1096 in
631 1035 766 1098 obscura
789 1035 970 1118 re'ingenii
990 1034 1112 1098 viribus
1136 1034 1253 1098 abusus
1276 1039 1369 1118 esset,
1396 1039 1541 1117 βοηθήεω
1557 1045 1602 1119 τῷ

458 1137 524 1220 ἐμῷ
548 1136 710 1221 ὁμωνύμῳ
734 1140 813 1203 κατὰ
836 1139 873 1201 τὸ
896 1138 1036 1202 δυνατὸν
1061 1140 1102 1219 et,
1127 1158 1161 1199 rc
1185 1139 1333 1200 accurate
1356 1139 1532 1221 explorata,
1558 1139 1603 1201 af-

457 1238 560 1320 firmo,
584 1231 714 1319 prorsus
737 1237 958 1302 incredibilem
986 1241 1019 1301 et
1040 1259 1143 1320 paene
1173 1239 1315 1302 divinam
1343 1239 1443 1303 fuisse
1470 1241 1505 1303 in
1527 1239 1602 1303 Nie-

456 1338 572 1401 buhrio
594 1340 712 1402 mentis
736 1340 855 1423 aciem,
885 1340 940 1423 qui
972 1340 1147 1403 divinando
1175 1342 1211 1405 in
1238 1342 1405 1426 permultis
1439 1345 1602 1404 assecutus

457 1442 515 1523 sit,
552 1463 613 1524 quo
643 1441 764 1524 Maius,
795 1463 989 1525 quamquam
1016 1442 1122 1525 ipsum
1151 1443 1292 1507 codicem
1326 1444 1439 1507 ducem
1466 1442 1600 1526 habenS,

456 1564 521 1605 nou
545 1545 687 1625 potuerit
707 1546 818 1607 tamen
840 1543 1017 1626 pervenire.
1063 1543 1098 1607 si
1125 1545 1195 1626 quis
1224 1545 1310 1608 verbi
1342 1568 1437 1608 causa
1460 1544 1601 1608 contule-

379 1672 386 1701 :
455 1644 500 1706 rit
521 1645 693 1708 Frontonis
716 1648 912 1728 postremum
940 1666 1039 1727 opus,
1073 1651 1233 1725 Principio
1261 1653 1416 1710 Historiae
1443 1647 1529 1729 dico,
1566 1648 1600 1710 in
1648 1730 1650 1737 ‚

365 1768 368 1801 f
455 1744 658 1810 Berolinensi
681 1744 826 1810 editione
845 1769 917 1810 cum
940 1768 1013 1809 vero
1041 1749 1276 1810 sententiarum
1304 1748 1415 1812 ordine
1444 1751 1598 1831 etncxu,

351 1891 361 1907 ,,
456 1848 669 1912 admirabitur
701 1849 807 1912 virum
816 1835 829 1857 ⁴*
841 1870 971 1931 prorsus
1009 1848 1310 1932 incomparabilem,
1350 1850 1405 1932 qui
1445 1849 1600 1919 acerrimo

455 1972 552 2013 sensu
575 1951 642 2014 eius
665 1951 749 2034 quod
772 1950 863 2014 decet
891 1972 928 2013 ex
957 1949 1155 2013 tenuissimis
1183 1950 1311 2013 indiciis
1334 1955 1488 2034 tanquam
1511 1954 1601 2014 vates

454 2052 624 2135 praedixit,
649 2075 730 2136 quae
753 2074 840 2115 mmo
864 2051 1150 2132 confirmabuntur„

537 2153 663 2217 Deinde
685 2154 791 2217 Maius
814 2153 997 2217 Mediolano
1020 2153 1156 2217 Romam
1179 2154 1341 2237 migravit,
1365 2156 1402 2216 ut
1426 2154 1600 2217 custodiret

453 2244 647 2318 Vaticanum
670 2255 909 2319 bibliothecam.
946 2255 997 2318 lbi
1010 2277 1094 2318 cum
1116 2258 1257 2326 adustos
1281 2255 1404 2318 codices
1426 2256 1599 2338 rescriptos

452 2359 624 2440 tractaret,
654 2357 768 2441 fugere
798 2379 870 2420 eum
891 2379 957 2420 nou
979 2358 1101 2440 potuit,
1132 2356 1195 2419 alia
1217 2355 1391 2420 Frontonis
1412 2358 1599 2441 fragmenta

452 2458 553 2521 latere
575 2459 610 2522 in
635 2460 752 2542 codice,
777 2459 831 2543 qui
854 2459 930 2522 olim
952 2480 1027 2541 pars
1050 2458 1148 2521 fucrit
1171 2459 1379 2522 Ambrosiani
1401 2459 1528 2540 codicis,
1552 2459 1599 2521 ita

452 2563 489 2623 ut
518 2563 653 2645 utraque
675 2562 860 2645 fragmenta
889 2582 927 2623 cx
956 2582 1020 2624 uno
1048 2560 1219 2644 eodemque
1243 2561 1350 2623 codice
1377 2560 1598 2624 Frontoniano

452 2663 597 2725 desumta
620 2663 686 2726 sint
708 2666 744 2726 et·
762 2662 883 2726 Romae
905 2663 1038 2726 inventa
1061 2663 1191 2746 egregie
1214 2662 1395 2745 suppleant,
1419 2683 1499 2745 quae
1522 2662 1598 2725 olim

451 2764 629 2847 prodierint
658 2763 844 2828 Mediolani.
889 2763 963 2827 Non
990 2767 1118 2848 poterat
1140 2763 1245 2827 Maius
1268 2764 1520 2827 Ambrosianum
1548 2785 1596 2826 co-

451 2866 554 2929 dicem
566 2866 693 2930 'iterum
709 2866 865 2948 conferre,
890 2867 974 2950 quod
988 2870 1062 2949 post
1076 2865 1247 2930 Niebuhrii
1262 2866 1481 2928 recensionem
1495 2864 1596 2926 liben-

449 2970 510 3050 ter,
535 2971 571 3030 ut
593 2968 716 3052 opinor,
740 2967 888 3051 fecisset3
912 2969 967 3032 sed
981 2970 1092 3030 tamen
1108 2990 1146 3030 ex
1163 2967 1492 3031 animadversionibus
1514 2967 1595 3030 viro-

450 3091 521 3131 rum
544 3070 710 3132 doctorum
733 3059 934 3153 aliquantum
956 3068 1104 3152 profecit,
1145 3068 1257 3151 ltaque
1279 3069 1315 3131 in
1340 3068 1509 3131 Vaticanis
1532 3069 1595 3131 fra—

449 3172 590 3254 gmentis
606 3171 727 3235 Romae
744 3172 874 3236 edendis
890 3173 934 3234 ΑΟ
954 3170 1035 3234 1823
1052 3171 1182 3233 editoris
1204 3192 1336 3233 munere
1358 3170 1460 3232 multo
1482 3169 1595 3233 melius

449 3272 581 3336 functus
610 3277 674 3356 est,
708 3277 745 3337 ut
772 3275 905 3337 minime
919 3314 920 3317 =
933 3272 1065 3335 dubium
1102 3271 1160 3353 sit,
1196 3293 1268 3334 eum
1295 3271 1469 3334 Mediolani
1498 3274 1533 3334 in
1560 3293 1595 3334 re
1675 3283 1678 3290 ‘

378 3378 380 3380 ’
449 3397 579 3458 prorsus
603 3377 713 3439 eadem
735 3376 821 3439 idem
841 3375 983 3458 potuisse
1006 3376 1181 3456 praestare,
1207 3373 1233 3435 si
1249 3372 1360 3435 eadem
1381 3373 1506 3457 fuisset,
1531 3396 1595 3456 qua

449 3479 576 3559 postea,
607 3477 724 3560 peritia
755 3480 787 3540 et
815 3476 993 3560 diligentia.
1037 3474 1152 3558 ltaque
1181 3474 1277 3538 editio
1305 3474 1452 3538 Romana
1479 3475 1593 3538 tolera-

449 3577 522 3642 bilis
544 3579 682 3643 fortasse
704 3579 809 3642 estin
832 3577 1024 3661 fragmentis
1043 3576 1231 3658 VaticaniS,
1262 3576 1317 3639 sed
1344 3578 1379 3640 in
1400 3576 1593 3661 fragmentis

450 3681 684 3764 Ambrosianis,
708 3701 789 3763 quae
813 3681 923 3743 eadem
945 3678 1187 3763 opportunitate
1209 3677 1327 3741 iterum
1350 3678 1464 3761 edidit,
1488 3701 1593 3760 pauca

449 3782 605 3864 quaedam
628 3783 798 3845 emendata
820 3782 948 3864 quidem
971 3784 1057 3862 sunt,
1081 3801 1215 3864 quorum
1231 3780 1339 3855 ,maior
1361 3801 1436 3862 pars
1459 3780 1593 3844 debetur

449 3883 550 3946 doctis
583 3882 840 3946 Berolinensium
874 3882 1163 3964 observationibus,
1204 3882 1259 3944 sed
1291 3881 1430 3964 plurima
1462 3903 1591 3964 prorsus

449 3984 584 4048 absurde
607 3985 693 4048 edita
715 3988 792 4048 sunt
818 3988 851 4054 et
874 3984 1022 4047 adhunc
1050 3985 1134 4047 diem
1161 3985 1324 4068 leguntur.
1369 3981 1439 4046 Hoc
1467 4004 1591 4065 quoque

447 4085 483 4148 in
504 4085 590 4149 Maio
614 4087 808 4169 culpandum
831 4090 889 4168 est,
915 4107 987 4148 eum
1009 4107 1163 4168 persaepe
1179 4107 1246 4149 non
1260 4085 1421 4148 monuisse
1443 4085 1588 4167 lectores,

448 4187 522 4270 quid
545 4187 680 4251 aliorum
703 4188 894 4252 coniecturis
917 4188 1047 4251 deberet
1070 4191 1102 4250 ct
1124 4187 1199 4270 quid
1221 4188 1256 4249 in
1278 4185 1383 4249 codice
1405 4185 1546 4269 legisset,

531 4289 651 4364 Quodsi
673 4291 744 4372 quis
767 4293 915 4373 quaerat,
950 4290 1106 4373 quomodo
1128 4288 1198 4351 fieri
1220 4287 1375 4371 potuerit,
1411 4289 1447 4349 ut
1468 4286 1589 4351 Romae

446 4389 525 4454 Maii
547 4413 644 4474 opera
666 4394 758 4455 tanto
782 4395 865 4457 esset
891 4392 1087 4455 fructuosior
1114 4413 1209 4475 quam
1231 4387 1421 4469 Mediolani,
1450 4388 1589 4471 primum

446 4493 680 4557 observandum
708 4497 758 4557 est
786 4493 821 4556 in
850 4494 983 4557 vetustis
1013 4493 1174 4558 codicibus
1196 4489 1342 4574 legendis
1366 4511 1468 4554 annos
1491 4491 1520 4554 ei
1542 4494 1588 4553 at-

445 4595 557 4658 tulisse
586 4595 745 4678 pcritiam.
792 4595 874 4659 Turn
894 4595 936 4684 ,in
958 4595 1119 4659 Vaticano
1143 4593 1249 4658 codice
1273 4593 1406 4676 antiqua
1429 4592 1587 4675 scriptura

445 4700 532 4762 recte
555 4700 668 4762 renata
691 4699 754 4781 est,
780 4718 852 4760 cum
873 4696 978 4760 Maius
1007 4697 1047 4760 ad
1069 4695 1318 4760 Ambrosianum
1339 4694 1457 4758 librum
1478 4693 1587 4778 legen-
