4142 5659
519 680 558 750 78
729 678 766 737 Μ,
781 676 950 737 CORNELII
968 678 1177 738 FRONTONIS
1195 683 1452 738 EPISTULARUM

752 972 768 990 .
831 890 834 896 ’
878 922 932 988 11.
956 922 989 988 2.
1022 922 1196 1006 Magistro
1218 923 1306 989 neo.

602 1057 674 1143 Ego
696 1062 728 1122 te
751 1081 926 1142 numquam
949 1060 1028 1123 satis
1052 1060 1186 1142 amabo,
1209 1060 1374 1123 dormiam.

872 1227 946 1294 ΠΙ.
970 1229 1004 1294 3.
1037 1229 1190 1295 Domino
1213 1228 1301 1294 lleo.

600 1365 762 1448 Miserere,
786 1385 887 1428 unum
908 1366 1041 1428 verbum
1064 1366 1102 1427 de
1124 1367 1269 1428 oratione
1285 1365 1411 1448 ablega,
1436 1368 1469 1428 et
1491 1387 1609 1449 quaeso
1625 1389 1667 1430 ne

516 1488 668 1551 umquam
691 1490 727 1531 eo
750 1467 861 1549 utana,
891 1473 1053 1531 dictionem
1082 1489 1140 1550 pro
1167 1467 1342 1530 oratione¹.
1387 1465 1484 1548 Vale,
1514 1468 1665 1550 Domine,
1716 1534 1719 1538 ,

516 1593 588 1634 mea
610 1570 714 1654 gloria
735 1569 935 1632 immortalia.
981 1569 1120 1632 Matrem
1142 1569 1305 1632 dominam
1327 1569 1441 1633 saluta.

878 1738 941 1804 IV.
964 1735 998 1803 4.
1020 1737 1307 1821 'Resoriptum²,.

601 1873 678 1940 Oras
701 1896 751 1939 me
774 1876 812 1938 de
834 1872 896 1938 hoe
918 1875 1014 1938 verbo
1037 1875 1109 1956 tibi,
1139 1875 1166 1937 si
1190 1875 1423 1957 admonueris3,
1448 1875 1664 1953 defendam⁴.

824 2145 874 2212 Vt
889 2146 946 2212 20.
981 2144 1127 2232 (Caesar
1149 2144 1354 2232 Frontoni),

735 2286 770 2347 in
802 2284 898 2347 viduo
931 2305 1028 2366 nune,
1069 2284 1096 2346 si
1127 2283 1263 2366 videtur,
1302 2285 1415 2348 dentes
1447 2283 1665 2366 adprimamus

515 2390 640 2470 tamen3
670 2390 703 2450 et
725 2404 787 2470 quo
809 2385 937 2449 brevius
964 2385 1026 2450 iter
1055 2385 1097 2448 sit
1123 2384 1194 2467 tibi,
1227 2386 1350 2449 recenti
1378 2385 1500 2467 morb0,
1534 2385 1665 2449 Caietae

516 2511 575 2552 nos
597 2489 753 2571 opperire.
798 2486 895 2550 Faeio
917 2486 1059 2569 deliciae,
1083 2486 1167 2569 quod
1188 2486 1289 2550 ferme
1313 2487 1420 2551 evenit
1442 2487 1558 2569 quibus
1581 2488 1666 2571 quod

517 2592 651 2673 eupiunt
673 2589 804 2652 tandem
830 2589 866 2652 in
891 2611 989 2652 manu
1013 2591 1078 2651 est:
1106 2587 1257 2651 differunt
1267 2591 1289 2672 ⁵,
1321 2588 1475 2670 afluuness,
1501 2589 1665 2672 gestiunt3

518 2713 577 2776 ego
599 2713 674 2755 vero
697 2691 794 2754 etiam
815 2690 964 2753 fastidio⁷
987 2691 1126 2753 omnia²¹.
1171 2688 1448 2769 Domina'mater,
1470 2694 1504 2753 te
1532 2690 1663 2772 salutat,

517 2815 613 2876 quam
635 2814 695 2878 ego
723 2792 816 2856 hodie
844 2793 965 2876 rogabo
998 2794 1035 2854 ut
1067 2791 1107 2854 ad
1137 2813 1188 2854 me
1221 2791 1368 2855 Gratiam
1395 2793 1559 2875 perducat.
1604 2791 1666 2855 Vel

516 2895 641 2957 fumum
668 2895 774 2978 inquit
801 2894 925 2978 patriae
953 2892 1070 2958 Oaius⁸
1101 2895 1205 2976 poeta.
1250 2891 1332 2957 Vale
1361 2894 1416 2976 mi,
1444 2893 1553 2956 omnia
1582 2915 1663 2976 mea,

516 2997 681 3080 magister.
705 2997 788 3059 Amo
811 3017 862 3060 me
884 2996 968 3080 quod
990 2998 1022 3059 te
1045 2995 1169 3058 visurus
1191 3015 1270 3058 sum.

874 3147 937 3214 VI.
961 3120 1199 3213 blsllomino
1222 3145 1310 3212 lieo.

602 3285 777 3369 Postquam
798 3285 936 3369 profecti
959 3285 1046 3366 estio,
1077 3283 1225 3367 genusbl
1249 3283 1356 3346 dolore
1378 3287 1525 3366 arreptus
1548 3305 1619 3348 sum
1628 3287 1664 3368 ¹⁰,

603 3473 620 3508 a
637 3459 671 3507 In
689 3460 814 3521 maraine:
838 3452 942 3517 Quibus
965 3451 1041 3520 quod
1064 3452 1179 3521 eupiunt
1200 3453 1229 3505 in
1246 3469 1332 3506 manu
1355 3454 1397 3506 est
1414 3452 1541 3521 tandem,
1569 3454 1665 3508 statim

518 3540 655 3605 diffluunt,
675 3538 792 3591 affluunt
810 3539 839 3591 et
856 3531 1008 3592 fastidiunt.

603 3623 621 3676 b
640 3627 673 3675 In
691 3628 815 3690 maryine:
833 3621 995 3675 Notandum
1011 3637 1099 3689 genus
1118 3623 1213 3677 dolore
1230 3639 1282 3692 pro
1301 3638 1383 3691 genu.

604 3818 617 3863 1
637 3809 703 3863 dod.
722 3826 764 3878 pr.
784 3825 820 3862 m.
841 3815 996 3871 orationem
1014 3811 1075 3876 tum
1093 3809 1216 3863 deletum
1233 3831 1262 3862 m.

603 3902 618 3949 2
638 3894 744 3949 Codex:
763 3897 789 3961 It
807 3893 892 3947 etsie
910 3894 1058 3963 aliquoties
1076 3891 1156 3948 infra.

603 3978 756 4048 3Explioit
779 3979 924 4046 quaternio
947 3979 980 4032 X.
1017 3978 1218 4033 Desiderantur
1244 3978 1366 4047 paginae
1393 3980 1521 4046 quatuor.
1562 3980 1666 4050 lnoipit

519 4065 586 4120 Cod.
606 4063 696 4119 Vatia.
715 4082 742 4133 p.
759 4069 814 4118 106.

602 4155 620 4202 4
638 4147 810 4217 Sohopenus:
830 4149 852 4202 ai
870 4155 907 4203 ud
922 4169 959 4202 me
977 4154 1087 4204 ueneris.
1117 4146 1256 4216 Hauptius
1273 4146 1424 4217 improbat.

604 4241 619 4288 5
639 4234 672 4287 of.
692 4251 748 4287 var.
768 4234 831 4287 leet.
851 4233 879 4286 in
897 4233 1032 4301 margine.

604 4317 668 4372 bln
686 4334 722 4371 m.
741 4322 858 4386 affluunt.
946 4388 949 4391 Ι

604 4409 619 4458 7
637 4402 743 4456 Eodem
761 4419 842 4456 sensu
859 4418 892 4455 ao
909 4401 1023 4455 Plautus
1042 4401 1151 4455 Truoul.
1170 4418 1195 4456 v.
1209 4407 1250 4457 40.
1283 4405 1377 4456 Maiae.

604 4486 704 4551 aQuis
727 4486 824 4540 Caius?
860 4485 928 4540 Cum
949 4485 1076 4538 Iaoobaio
1098 4485 1200 4540 seribe:
1233 4491 1326 4540 Graius
1346 4496 1433 4555 poeta.
1477 4484 1514 4539 Et
1539 4485 1580 4540 ita
1608 4486 1665 4542 iam
1756 4550 1758 4553 ¹

519 4571 608 4630 Maius
625 4572 654 4624 in
671 4571 773 4626 Indice.
807 4570 846 4624 Of.
867 4585 951 4639 supra
968 4569 988 4623 Ι.
1002 4575 1026 4623 4.

604 4662 619 4710 9
638 4654 704 4710 Ood.
724 4673 777 4709 seo.
796 4671 832 4708 m.
851 4675 925 4725 qenu.

589 4747 620 4796 10
639 4739 705 4794 (lod.
724 4757 766 4810 pr.
786 4758 821 4795 m.
841 4760 919 4796 auara.
