4142 5659
512 680 595 735 *aza
619 704 649 711 -
731 728 763 735 -
877 685 913 738 u.
934 682 1103 737 coauanu
1122 678 1330 735 raouuorus

617 841 742 906 Vellem
771 843 878 904 autem
906 843 1034 903 tantum
1063 841 1142 903 mihi
1170 843 1290 923 vigoris
1320 853 1376 903 aut
1406 849 1503 912 studii
1537 847 1677 929 aulesse¹‚¹

533 946 690 1027 quantum
719 942 834 1023 adfuit,
864 964 935 1005 cum
963 942 1019 1005 illa
1048 942 1124 1005 olim
1157 943 1291 1027 nugalia
1325 941 1518 1023 conscribsi,
1553 941 1679 1004 laudem

533 1046 613 1133 sumi
637 1049 669 1109 et
690 1045 840 1129 pulveris.
886 1044 936 1107 Ne
958 1064 1018 1128 ego
1042 1042 1152 1108 Somni
1179 1043 1308 1106 laudem
1336 1065 1375 1106 ex
1404 1044 1536 1106 summis
1566 1044 1679 1127 opibus

534 1147 802 1231 conscripsissem.

618 1249 713 1313 Nunc
736 1269 875 1331 quoque,
900 1244 927 1310 si
949 1247 1010 1311 tibi
1032 1246 1176 1310 fabulam
1198 1247 1328 1311 brevem
1349 1247 1465 1310 libenti
1487 1250 1537 1310 est
1557 1248 1676 1328 audire,

533 1351 616 1414 audi.

618 1451 744 1515 ³lovem
771 1454 897 1535 patrem
925 1451 1051 1533 ferunt,
1087 1473 1160 1514 cum
1193 1472 1243 1513 res
1270 1450 1429 1514 humanas
1458 1473 1477 1512 a
1505 1451 1679 1533 primordio

534 1554 701 1634 conderet,
731 1574 844 1616 aevum
872 1553 922 1614 vi²
954 1551 1095 1614 medium
1122 1573 1187 1615 uno
1218 1553 1285 1615 ictu
1312 1573 1499 1634 percussum
1532 1553 1568 1614 in
1602 1552 1678 1615 duas

531 1655 634 1738 partis
657 1654 797 1737 undique
819 1654 906 1736 paris
929 1652 1099 1715 diffidisse:
1128 1656 1253 1736 partem
1280 1652 1415 1716 alteram
1436 1653 1518 1734 luce,
1544 1653 1676 1716 alteram

531 1756 674 1820 tenebris
697 1755 854 1836 amisisse,
878 1754 963 1817 diem
985 1756 1175 1837 noctemque
1198 1754 1376 1849 appellasse
1398 1754 1551 1837 noctique
1567 1756 1676 1834 otium,

533 1858 595 1920 diei
618 1857 784 1939 negotium
806 1856 986 1920 tradidisse.
1018 1855 1101 1918 Tum
1124 1878 1253 1918 somnus
1276 1856 1413 1919 necdum
1435 1859 1532 1918 natus
1556 1859 1626 1919 erat
1648 1861 1679 1919 et

534 1980 644 2021 omnes
666 1957 838 2041 pervigiles
861 1959 999 2020 aetatem
1022 1956 1180 2039 agebant3
1209 1956 1263 2020 sed
1291 1957 1381 2040 quies
1408 1960 1570 2020 nocturna
1599 1958 1679 2040 vigi-

531 2058 674 2122 lantibus
702 2080 760 2140 pro
783 2079 894 2121 somno
924 2058 1027 2122 adhuc
1058 2058 1159 2143 l³erat
1181 2058 1395 2142 promulgata.
1441 2058 1605 2121 Paulatim
1628 2060 1677 2128 de-

531 2160 616 2241 inde,
641 2163 677 2222 ut
700 2163 775 2223 sunt
796 2161 931 2243 ingenia
952 2159 1119 2222 hominum
1146 2161 1291 2242 inquieta
1314 2160 1366 2222 et⁴
1389 2160 1536 2243 agitandi
1560 2182 1598 2223 ac
1613 2164 1677 2223 tur-

531 2262 628 2325 bandi
652 2261 777 2344 cupida,
801 2265 912 2325 noctes
935 2261 1065 2344 diesque
1087 2261 1227 2344 negotiis
1249 2261 1452 2342 exercebant,
1476 2261 1591 2324 horam
1613 2264 1678 2324 otio

530 2363 653 2425 nullam
680 2362 890 2445 inpertibant.
935 2362 1017 2425 Tum
1046 2362 1154 2424 Iovem
1180 2362 1306 2442 ferunt,
1341 2362 1396 2425 ubi
1423 2363 1489 2424 iarn
1510 2364 1619 2447 iurgia
1647 2367 1679 2426 et

530 2464 713 2527 vadimonia
745 2466 905 2527 nocturna
932 2463 1003 2525 sisti
1032 2467 1065 2526 et
1096 2467 1207 2526 noctes
1241 2484 1365 2546 quoque
1400 2464 1677 2546 comperendinari

530 2564 638 2627 videat
646 2565 668 2645 ⁵,
704 2585 776 2626 cum
799 2564 892 2627 corde
915 2585 971 2626 suo
995 2564 1136 2647 agitasse
1165 2564 1203 2627 de
1236 2565 1301 2626 suis
1329 2557 1493 2647 germanis
1520 2565 1678 2628 fratribus

530 2687 631 2728 unum
653 2664 837 2747 praeficere,
862 2666 916 2748 qui
939 2667 1027 2728 noeti
1051 2668 1146 2748 atque
1168 2665 1234 2728 otio
1256 2664 1423 2728 hominum
1447 2670 1586 2730 curaret.
1614 2667 1677 2730 Ne-

529 2769 667 2849 ptunum
699 2766 817 2829 multas
851 2769 884 2829 et
916 2775 1031 2850 graves
1066 2788 1158 2830 curas
1193 2769 1380 2830 maritumas
1416 2771 1601 2851 causatum,
1637 2791 1679 2831 ne

529 2867 645 2930 fluctus
679 2871 782 2957 terras
811 2869 895 2930 totas
926 2890 998 2931 cum
1026 2869 1189 2931 montibus
1218 2869 1406 2950 obruerent,
1440 2890 1521 2932 neve
1550 2871 1679 2933 motus⁶

529 2970 617 3032 venti
654 2971 771 3032 cuncta
798 2969 945 3032 funditus
974 2969 1201 3051 percellerent,
1235 2970 1331 3032 silvas
1364 2973 1397 3033 et
1424 2974 1494 3032 sata
1522 2971 1678 3034 radicitus

529 3071 706 3153 haurirent.
751 3069 873 3133 Ditem·
899 3092 1023 3153 quoque
1060 3074 1186 3153 patrem
1220 3074 1403 3153 causatum,
1442 3073 1546 3135 multa
1578 3094 1677 3156 opera

528 3172 691 3255 multaque
715 3194 790 3234 cura
813 3173 933 3254 templa
955 3171 1061 3235 infera
1084 3193 1180 3254 aegre
1209 3172 1364 3254 coerceri,
1390 3173 1538 3236 amnibus
1566 3177 1599 3236 et
1621 3197 1677 3257 pa·
1730 3191 1732 3195 ⁴

460 3310 462 3313 ·
528 3273 674 3336 ludibus⁷
711 3276 743 3335 et
775 3274 901 3356 stagnis
929 3271 1051 3356 Stygiis
1079 3272 1299 3336 Acheruntem
1327 3295 1423 3358 aegre
1453 3277 1677 3357 eommoeniri3

529 3396 642 3440 canem
665 3374 802 3456 denique
826 3374 989 3437 custodem
1012 3375 1197 3457 apposuisse
1219 3374 1340 3449 umbris
1363 3375 1563 3458 territandiS‚
1593 3398 1677 3459 quae

528 3475 683 3558 aufugere
706 3464 746 3536 ad
768 3495 900 3557 superos
924 3478 1088 3556 cuperent,
1113 3475 1204 3558 eique
1228 3475 1299 3538 cani
1323 3477 1427 3539 trinas
1442 3477 1584 3540 latrandi
1606 3477 1676 3540 fau-

528 3597 579 3637 ces
603 3597 640 3637 ae
662 3576 764 3637 trinos
787 3575 894 3637 hiatus
916 3576 1102 3658 trinasque8
1126 3576 1269 3638 dentium
1291 3576 1480 3640 formidines
1503 3578 1673 3642 addidisse.

612 3842 629 3879 a
647 3830 681 3877 In
698 3830 823 3892 margine:
846 3824 953 3878 Fabula
971 3826 1005 3878 de
1024 3824 1135 3880 Somno,

612 4035 625 4081 1
645 4027 774 4082 Orellius:
797 4034 907 4082 adesset.
1278 4093 1280 4097 Ι

610 4115 687 4166 ann
704 4118 789 4165 oilae?
825 4117 1000 4180 Heindorfius.
1037 4113 1154 4167 Orellius
1177 4134 1369 4171 aerumnosum
1386 4124 1499 4171 medium.

609 4196 743 4265 3lncipit
770 4196 836 4250 Cod.
859 4215 885 4265 p.
906 4203 964 4251 219.
1001 4197 1129 4251 Ceterum
1148 4198 1237 4252 Maius
1264 4201 1351 4254 habet
1375 4207 1472 4268 fuerat,
1500 4203 1550 4256 sed
1577 4202 1670 4257 Codex

533 4281 608 4335 llUC
627 4294 696 4347 erac,
714 4281 787 4334 unde
805 4282 898 4334 effinxi
917 4287 1006 4339 adhue.

578 4396 582 4406 ·
608 4365 703 4419 lOm.
722 4364 820 4418 Maius

609 4455 624 4502 5
642 4450 699 4502 Aut
716 4455 785 4503 videt
801 4451 1009 4505 rescribendum
1028 4454 1078 4504 aut
1095 4458 1201 4506 videret.
1239 4459 1414 4523 Heindorfius.

608 4533 685 4585 orta
703 4532 796 4587 Codex
813 4534 924 4587 videtur
940 4535 1053 4589 habere.
1090 4536 1191 4589 Maius:
1209 4545 1276 4591 moti.

609 4622 623 4669 7
643 4616 747 4670 Codex:
766 4623 907 4684 plauditur.

608 4705 624 4752 8
643 4699 747 4753 Codex:
765 4708 893 4771 trinoque.
