4142 5659
529 671 592 737 256
880 665 917 720 M.
932 663 1102 720 CORNELII
1118 663 1326 718 PRONTONIS

530 844 587 920 μὲν
616 841 676 905 ὑπ’
697 841 776 919 ἐμοῦ
805 838 957 918 διδόμενα
986 837 1113 902 δικαίως
1136 837 1176 901 ἂν
1203 835 1333 914 καλοίη(
1361 838 1468 916 δῶρα,
1497 835 1537 898 τὰ
1559 835 1594 898 δ’
1616 833 1679 897 ὑπ’

530 943 655 1008 ἐκείνου
678 942 786 1021 λύτρα.
821 940 981 1005 Μάντεων
997 942 1033 1004 δέ
1048 939 1160 1003 παῖδές
1176 948 1272 1018 φάςιν
1294 924 1344 1001 καὶ
1366 940 1433 1001 τοῖς
1456 940 1543 1001 θεοῖς
1566 935 1680 1014 ἡδίους

531 1042 702 1131 εἶναιτῶν
725 1047 841 1107 θυςιῶν
864 1043 921 1105 τὰς
943 1040 1164 1122 χαριςιηρίους
1186 1042 1206 1119 ἢ
1229 1041 1285 1103 τὰς
1316 1039 1504 1118 μειλιχίους·
1544 1036 1592 1102 ὧν
1621 1038 1680 1100 τὰς

530 1148 587 1224 μέν
611 1146 642 1209 οἱ
664 1145 876 1224 εὐτυχοῦντες
905 1144 956 1207 ἐπὶ
979 1147 1106 1227 φυλακῇ
1136 1144 1186 1206 καὶ
1214 1143 1317 1221 κτήςει
1344 1145 1411 1205 τῶν
1441 1142 1591 1221 ἀγαθῶν,
1621 1141 1680 1203 τὰς

530 1251 566 1312 δέ
595 1247 626 1311 οἱ
654 1253 759 1312 κακῶς
787 1247 982 1325 πράττοντες
1011 1246 1066 1309 ἐπ’
1094 1243 1266 1328 ἀποτροπῇ
1295 1247 1362 1307 τῶν
1390 1247 1508 1307 δεινῶν
1538 1242 1678 1320 θύουςιν,
1757 1270 1760 1274 “

531 1350 613 1414 Τάδε
636 1352 693 1428 μὲν
715 1349 788 1427 περὶ
809 1354 876 1413 τῶν
893 1349 1123 1428 ςυμφερόντων
1139 1347 1189 1410 καὶ
1203 1345 1288 1411 τῶν1
1307 1346 1355 1409 ςοί
1376 1365 1411 1409 τε
1433 1344 1571 1429 κάκείνῳ
1591 1344 1678 1423 ὠφε-

532 1451 631 1530 λίμων
655 1451 798 1530 εἰρήςθω.
1283 1513 1300 1534 χ

616 1552 648 1616 Εἰ
670 1554 705 1615 δέ
727 1555 825 1616 τοῦτο
849 1550 988 1615 δίκαιός2
1011 1551 1094 1617 ἐςτιν
1116 1553 1223 1630 τυχεῖν
1246 1554 1302 1628 τῆς
1324 1551 1412 1630 παρὰ
1435 1549 1514 1614 ςαίι3
1532 1548 1678 1629 βοηθείας

532 1705 567 1719 ..
592 1705 599 1717 .
622 1675 732 1734 ερειςω
756 1675 792 1717 ςυ
814 1657 911 1729 τοῦτο
936 1704 942 1717 .
968 1703 974 1716 .
1002 1653 1090 1737 αὐτῷ
1119 1659 1251 1737 πονερῷ
1281 1654 1317 1716 δέ
1339 1673 1480 1730 τεκτηνω
1508 1652 1678 1729 καὶμηχα-

530 1755 1299 1837 νήςωτὰςθεττα..μεν..ων..ἐρᾷς..
1328 1751 1677 1818 δέπα..εἶπε...

531 1879 609 1922 τοτα
631 1879 714 1922 κον.
741 1906 747 1918 .
771 1905 778 1919 .
803 1857 989 1936 (ἀλναίτιος.
1016 1905 1023 1917 .
1047 1857 1135 1920 τινὸς
1158 1857 1211 1920 διὰ
1232 1857 1291 1933 τὴν
1314 1855 1402 1939 αύτῷ
1425 1876 1545 1920 κατακο
1563 1903 1570 1917 .
1590 1904 1597 1916 .
1616 1903 1622 1916 .
1639 1875 1677 1917 κο

534 2009 541 2022 .
568 2008 574 2021 .
601 1958 643 2044 ,14
666 1960 750 2036 πλὴν
775 1958 802 2022 εἰ
823 1959 863 2036 μή
886 1978 914 2043 τι
937 1958 1049 2038 ὀφθεὶς
1070 1958 1227 2045 ἠδίκηκας.
1526 2032 1532 2036 ,

618 2063 670 2138 Μὴ
694 2059 804 2135 ἀγνόει
826 2061 861 2122 δὲ
883 2060 933 2123 καὶ
961 2059 1117 2138 ἀδικηθεὶς
1139 2060 1236 2125 αὐτὸς
1259 2061 1310 2123 καὶ
1333 2057 1541 2139 ὑβριζόμενος
1564 2058 1604 2121 οὐ
1626 2078 1677 2136 με-

531 2162 621 2242 τρίαν
643 2163 702 2240 ἤδη
726 2162 843 2240 ταύτην
859 2161 1056 2242 τὴνῧγύβριν,
1080 2162 1118 2225 τὸ
1141 2166 1285 2226 ἅπαντας
1308 2161 1425 2225 εἰδέναι
1447 2181 1481 2224 τε
1505 2161 1556 2223 καὶ
1578 2180 1676 2241 φανε-

533 2269 597 2351 ρῶς
621 2264 725 2329 ούτως
748 2263 960 2341 διαλέγεςθαι,
992 2262 1042 2326 ὅτι
1070 2284 1127 2326 ςου
1150 2263 1197 2342 εἴη
1227 2263 1283 2327 ὅδε
1306 2263 1460 2343 ε’ραςτής·’
1488 2262 1621 2343 φθάνεις
1643 2263 1677 2324 δὲ

493 2384 495 2387 ’
532 2368 582 2430 καὶ
604 2365 678 2445 πρίν
701 2371 817 2430 τιτῶν
839 2369 976 2429 τοιῶνδε
999 2368 1125 2441 πρᾶξαι,
1147 2365 1293 2444 τοῦνομα
1313 2370 1369 2444 τῆς
1391 2363 1538 2444 πράξεως
1562 2363 1677 2441 ὑπομέ-

532 2489 609 2532 νων.
656 2467 791 2530 Καλοῦςί
812 2468 847 2543 γ’
869 2465 948 2529 οὖν6
972 2487 1004 2531 ςε
1028 2467 1058 2536 αἱ
1081 2461 1221 2532 πλεῐςτοι
1244 2473 1310 2532 τῶν
1333 2470 1477 2531 πολιτῶν
1500 2467 1559 2530 τὸν
1583 2469 1676 2529 τοῦδε

533 2568 713 2647 ἐρώμενον·
745 2569 809 2643 ἐγὼ
841 2568 876 2630 δέ
900 2588 948 2631 ςοι
970 2570 1158 2649 διαφυλάξω
1181 2569 1325 2647 τοῦνομα
1352 2568 1495 2648 καθαρὸν
1523 2569 1575 2631 καὶ
1603 2566 1676 2630 ἀνύ-

534 2675 668 2749 βριςτον.
715 2669 818 2733 Καλὸς
846 2669 907 2746 γὰρ
937 2669 1008 2748 οὐχὶ
1036 2670 1217 2749 ἐρώμενος7
1245 2671 1283 2735 τά
1311 2692 1347 2747 γε
1375 2671 1446 2734 κατ’
1474 2670 1529 2749 ἐμὲ
1557 2669 1675 2747 ὀνομα-

438 2800 441 2803 ’
534 2773 645 2855 ςθήςει.
680 2768 712 2833 Εἰ
734 2769 790 2834 δὲ8
805 2770 910 2852 τούτῳ
934 2770 978 2835 ύις
1001 2772 1111 2855 δικαίῳ
1133 2774 1192 2838 τινὶ
1214 2775 1372 2853 χρήςεται,
1396 2771 1444 2835 ὅτι
1467 2774 1590 2849 μάλλον
1613 2770 1676 2833 ἐπι-

533 2877 637 2954 θυμεῖ,
666 2871 742 2936 ίςτω
772 2871 820 2935 ὅτι
847 2872 905 2936 οὐκ
928 2873 1072 2952 ἐπιθυμεῖ
1093 2876 1234 2964 μᾶλλον,
1264 2875 1323 2938 ἀλλ
1332 2876 1342 2942 '⁴
1361 2874 1569 2953 ἰταμώτερον.
1614 2872 1676 2934 Τὰς

533 2977 568 3038 δέ
590 2974 681 3052 μυίας
703 2975 754 3038 καὶ
776 2974 832 3036 τὰς
848 2973 978 3050 ἐμπίδας
997 2975 1128 3053 μάλιςτα
1143 2974 1368 3055 άποςοβοῡμεν
1385 2978 1436 3039 καὶ
1450 2975 1674 3053 άπωθούμεθα,

533 3076 582 3140 ὅτι
609 3076 818 3140 άναιδέςτατα
852 3077 902 3139 καὶ
930 3075 1111 3154 ἰταμώτατα
1139 3077 1351 3142 ἐπιπέτονται.
1395 3079 1501 3142 Τοῦτο
1530 3077 1588 3154 μὲν
1617 3073 1674 3138 οὖν

532 3179 582 3241 καὶ
604 3179 643 3241 τά
665 3178 758 3255 θηρία
780 3177 939 3242 ἐπίςταται
967 3178 1100 3259 φεύγειν
1129 3179 1260 3257 μάλιςτα
1289 3179 1423 3243 πάντων
1445 3179 1522 3242 τούς
1545 3176 1676 3255 κυνηγέ-

532 3300 598 3357 τας,
621 3280 733 3343 καὶτὰ
755 3279 861 3357 πτηνὰ
882 3280 959 3343 τοὺς
983 3280 1165 3359 θηρευτάςί.
1198 3281 1253 3344 Καὶ
1267 3280 1374 3344 πάντα
1396 3282 1431 3344 δέ
1453 3281 1492 3343 τὰ
1514 3285 1584 3364 Ζῷα
1605 3278 1677 3342 τού-

531 3402 607 3445 τους
630 3381 761 3458 μάλιςτα
789 3381 972 3459 ἐκτρέπεται
999 3383 1075 3446 τοὺς
1103 3382 1234 3461 μάλιςτα
1264 3382 1495 3459 ἐνεδρεύοντας
1526 3383 1577 3444 καὶ
1604 3380 1675 3444 διώ-

531 3502 656 3547 κοντας.
1226 3556 1228 3559 ,

620 3583 652 3647 Εἰ
678 3584 715 3647 δέ
746 3603 793 3647 τις
826 3583 925 3648 οἴεται
962 3585 1175 3664 ἐνδοξότερον
1208 3586 1259 3649 καὶ
1288 3585 1491 3664 ἐντιμότερον
1528 3580 1611 3649 είναι
1638 3584 1675 3647 τὸ

532 3686 650 3748 κάλλος
673 3686 725 3748 διὰ
747 3687 824 3747 τοὺς
847 3686 996 3764 ἐραςτάς,
1018 3691 1078 3750 τοθ
1100 3688 1223 3752 παντὸς
1245 3688 1460 3767 διαμαρτάνει.
1509 3684 1676 3751 Κινδυνεύ-

533 3807 584 3850 ετε
606 3785 747 3863 μὲνγὰρ
770 3785 801 3847 οἱ
816 3788 907 3850 καλοὶ
929 3787 1000 3867 περὶ
1022 3791 1081 3851 τοῦ
1104 3788 1243 3853 κάλλους
1264 3792 1320 3867 τῆς
1343 3789 1377 3854 ἐς
1399 3790 1475 3854 τοὺς
1497 3787 1676 3852 ἀκούοντας

617 3960 631 4006 1
650 3953 711 4006 Duo
729 3951 868 4007 voeabula
884 3953 973 4008 Maius
992 3952 1093 4009 oniisit.

616 4045 631 4091 2
650 4037 738 4091 Maius
759 4037 831 4107 legit
848 4039 964 4094 δίκαιον,

616 4131 631 4178 3
648 4121 767 4177 Videtur
780 4122 841 4191 ‘legi
852 4125 926 4178 ΠΑΡ
938 4123 950 4176 λ
961 4125 1001 4179 ΙΟ.
1027 4124 1187 4192 Sequuntur
1205 4125 1428 4194 quattuordecim
1445 4144 1541 4181 versus
1560 4120 1676 4190 evanidi,

532 4225 600 4276 quos
619 4207 692 4262 dabo
710 4206 765 4259 fide
782 4206 856 4262 Maii.
893 4208 1029 4278 Pleraque
1047 4209 1077 4263 in
1093 4209 1127 4263 iis
1145 4211 1269 4264 absurda
1287 4213 1358 4265 suni.

615 4299 632 4346 4
649 4291 750 4361 Incipit
768 4292 834 4346 Cod.
853 4293 981 4347 Ambros.
1000 4312 1028 4363 p.
1048 4301 1089 4349 θθ,

616 4376 735 4430 ύῦοοεί
751 4377 780 4429 in
799 4375 907 4431 Codice.
944 4378 1062 4447 Supplet
1079 4377 1257 4432 Niebuhrius¹
1293 4380 1436 4435 Bekkerus
1454 4382 1553 4434 eontra
1572 4379 1646 4435 dicit.

616 4467 631 4513 6
648 4460 738 4514 Maius
754 4460 837 4530 legit:
856 4467 987 4517 καλοθςιν
1006 4465 1066 4517 οὖν.
1104 4463 1231 4518 Correxit
1249 4465 1403 4519 Bekkerus.

616 4551 630 4598 7
651 4544 755 4598 Codex:
778 4548 962 4614 δέρώμενος.

615 4634 631 4682 8
651 4628 755 4682 Codex:
783 4632 826 4697 δή.

616 4720 631 4767 9
649 4714 802 4768 Iacobsius:
820 4715 938 4770 ίξευτάς.
