4142 5659
401 684 462 747 164
608 682 645 735 Μ,
660 681 830 736 CORNELII
846 679 1054 736 FRONTONIS
1071 679 1329 734 EPISTULARUM

398 853 490 916 valde
516 856 630 935 potens
659 856 708 916 est
714 903 723 935 ,
758 852 842 936 quod
870 874 992 915 summe
1020 852 1148 915 efficere
1171 851 1290 934 possis7
1325 851 1424 913 etiam
1452 851 1548 914 velle.

398 953 489 1017 Nihil
511 955 582 1018 istis
605 955 750 1017 sensibus
779 953 931 1036 ualidiuS,
955 953 1038 1016 nihil
1061 952 1255 1035 elocutione,
1286 952 1376 1015 salva
1404 953 1550 1015 sanitate

398 1058 498 1118 tanen
511 1056 531 1138 ¹,
557 1055 691 1118 civilius,
736 1055 848 1139 Neque
871 1056 957 1118 enim
979 1055 1040 1118 hoe
1064 1055 1292 1135 eommittam²‚
1323 1056 1361 1117 ut
1382 1057 1416 1117 te
1438 1055 1550 1116 iustis-

398 1158 479 1221 sima
500 1156 593 1220 laude
614 1156 775 1239 fraudem,
811 1157 886 1220 dum
914 1160 1033 1239 metue,
1057 1180 1099 1221 ne
1126 1156 1304 1220 insolenter
1323 1155 1436 1218 laudes
1457 1177 1550 1218 meas

397 1260 533 1322 laudern.
566 1257 654 1322 Bene
675 1259 777 1342 igitur
800 1259 953 1341 accepisti
976 1263 1008 1322 et
1030 1259 1209 1322 rectissimo
1231 1279 1337 1341 opere,
1363 1258 1414 1320 eui
1435 1256 1548 1339 plane,

398 1361 538 1444 seposita
560 1360 705 1443 materia,
729 1361 832 1424 omnis
855 1359 957 1423 honor
980 1361 1129 1424 debetur:
1154 1362 1294 1424 ceterum
1317 1360 1357 1422 ad
1379 1362 1550 1422 ostentan-

397 1462 490 1525 dum³
512 1461 592 1524 mihi
615 1462 758 1525 animum
780 1466 871 1525 tuum
890 1484 956 1525 non
977 1462 1119 1526 multum
1140 1462 1222 1545 egit:
1245 1483 1322 1524 nam
1345 1482 1414 1532 esse
1436 1463 1471 1522 te
1494 1461 1550 1523 he-

396 1564 624 1648 nignissimum
645 1564 788 1626 omnium
810 1564 970 1627 factorum
992 1566 1025 1627 et
1047 1564 1205 1628 dictorum
1227 1585 1371 1626 meomm
1395 1562 1551 1625 eoncilia-

396 1669 499 1729 torem
520 1666 602 1728 bene
624 1686 785 1728 noveram.
831 1665 913 1753 Vale
935 1665 979 1727 mi
1002 1664 1140 1746 Fronto,
1165 1665 1328 1727 carissime
1350 1663 1441 1726 mihi.

480 1768 541 1831 Illa
567 1788 643 1849 pars
671 1767 825 1829 orationis
853 1770 928 1829 tuae
957 1767 1043 1830 eirea
1070 1765 1244 1829 Faustinae
1270 1788 1361 1828 meae
1389 1765 1549 1828 honorem

395 1869 579 1954 gratissime
601 1889 620 1929 a
642 1869 674 1930 te
697 1867 845 1930 adsumta
873 1868 977 1931 verior
999 1867 1198 1950 mihiquem
1219 1868 1369 1931 disertior
1391 1867 1462 1930 visa
1485 1871 1545 1929 est.

395 1971 480 2034 Nam
506 1972 553 2032 ita
581 1991 615 2032 se
643 1991 693 2032 res
722 1970 836 2032 habet:
873 1969 1003 2032 mallem
1032 1969 1214 2032 mehercule
1243 1969 1360 2052 Gyaris
1386 1991 1461 2032 eum
1488 1968 1548 2030 illa

395 2094 491 2156 quam
514 2073 583 2134 sine
605 2070 681 2133 illa⁴
703 2071 738 2133 in
761 2070 888 2134 Palatio
910 2071 1049 2134 viveree.

626 2325 700 2391 ΙΙΙ.
744 2323 926 2391 Antonino
954 2325 1021 2389 Pio
1044 2322 1135 2406 Aug.
1158 2324 1307 2389 Fronto.

481 2461 514 2525 Si
543 2461 669 2524 evenire
696 2464 805 2542 posset
812 2511 821 2542 ⁷
852 2459 945 2542 Imp,
980 2463 1017 2523 ut
1046 2459 1142 2523 amici
1169 2482 1207 2523 ae
1234 2459 1413 2523 familiares
1441 2462 1544 2523 nostri

395 2563 514 2626 nostris
549 2558 691 2625 moribus
724 2564 841 2624 cuncta
881 2565 1017 2644 agerent
1025 2563 1048 2643 ⁵,
1084 2561 1221 2624 maxime
1263 2561 1394 2625 vellem:
1443 2566 1544 2643 tuml,

396 2665 422 2727 si
455 2686 521 2727 non
554 2664 695 2726 moribus
702 2662 722 2744 ⁷⁵
742 2665 776 2725 at
808 2662 923 2725 saltem
956 2666 992 2725 ut
1022 2663 1164 2726 consiliis
1187 2664 1304 2746 ubique
1327 2662 1448 2725 nostris
1476 2666 1545 2725 ute-

396 2765 539 2828 renturl.

482 2865 545 2930 Sed
566 2866 717 2948 quoniam
740 2866 850 2929 suum⁷
867 2866 1020 2948 cuiusque
1035 2865 1206 2949 ingenium
1227 2866 1328 2928 vitam
1349 2865 1542 2948 gubemat⁶‚

394 2969 499 3032 fateor
522 2989 618 3051 aegre
639 2969 724 3030 ferre
748 2990 816 3050 1111,
839 2968 923 3050 quod
946 2967 1068 3030 amicus
1090 2967 1215 3051 meust8
1245 2964 1348 3050 Niger
1371 2965 1544 3031 Censorius

394 3072 589 3135 testamento
607 3091 663 3133 suo
669 3119 678 3151 ,
703 3091 765 3153 quo
786 3091 838 3132 me
861 3067 1012 3132 heredem
1033 3069 1188 3150 instituit,
1211 3090 1326 3151 parum
1341 3069 1449 3132 verbis
1464 3072 1543 3131 tem·
1613 3101 1618 3108 ·

335 3233 341 3238 .
436 3194 452 3234 r
519 3223 526 3236 .
555 3228 557 3230 .

394 3196 435 3256 pe
454 3175 518 3337 alil
540 3294 600 3357 ego
621 3273 745 3336 factum
766 3274 835 3336 eius
861 3273 1025 3355 improbus
1048 3273 1110 3336 sim
1131 3274 1158 3336 si
1177 3272 1380 3335 defendendo
1402 3293 1542 3357 purgare

481 3529 498 3566 a
517 3516 549 3564 In
566 3515 692 3578 margine:
714 3509 827 3562 Mallem
846 3539 879 3546 -
896 3509 997 3563 vivere.

478 3596 497 3648 b
517 3600 550 3648 ln
568 3599 693 3661 marpine:
713 3593 742 3645 Si
760 3593 871 3647 evenire
883 3596 980 3663 posset
992 3596 1024 3647 ut
1036 3611 1090 3646 am.
1104 3625 1137 3631 -
1150 3595 1275 3662 agerent,
1288 3594 1409 3648 maxime
1428 3595 1540 3650 vellem:

395 3683 455 3732 tum
472 3679 495 3732 si
512 3709 546 3719 -
564 3680 717 3731 uterentur.

480 3781 495 3818 a
512 3769 546 3816 ln
558 3768 683 3831 margine:
697 3761 752 3814 Sed
764 3762 896 3830 quoniam
908 3781 987 3817 suam
1000 3763 1131 3832 cuiusque
1143 3763 1286 3832 ingenium
1295 3764 1382 3818 vitam
1392 3765 1539 3831 gubernat.

481 3975 493 4021 l
513 3966 579 4022 Ood.
599 3967 672 4020 TA.
694 4009 699 4018 .
721 4008 741 4034 .,
760 3966 835 4034 quod
857 3966 982 4036 supplevi
1003 3977 1094 4020 tumen.
1128 3966 1218 4020 Maius
1244 3983 1340 4021 vocem
1364 3967 1467 4022 omisit.

365 4059 370 4066 '
480 4051 580 4105 adad.
600 4057 718 4105 omittam.
754 4050 880 4106 Correxit
896 4052 994 4106 Maius,

481 4144 496 4190 3
516 4135 622 4190 Codex:
646 4144 831 4193 ostentandam.

479 4222 544 4274 lIn
567 4221 667 4275 Codiee
689 4221 881 4275 videturesse
903 4220 962 4274 nlla.
999 4220 1131 4274 Faustina
1153 4220 1244 4273 tribus
1266 4221 1345 4273 annis
1372 4224 1439 4274 ante
1467 4221 1542 4275 diem

395 4305 495 4358 obiisse
514 4305 631 4360 videtur.

479 4396 495 4443 5
511 4390 619 4443 Mavult
635 4390 823 4444 Heindorfius:
842 4390 872 4443 id
889 4395 1007 4444 manime.

479 4479 495 4526 6
514 4473 579 4527 [lod.
597 4493 624 4543 p.
643 4494 681 4528 m.
701 4487 774 4529 tuum.

479 4564 493 4611 7
512 4557 587 4612 Nora
604 4559 632 4611 in
655 4559 782 4627 margine
799 4579 878 4612 suam.

478 4641 612 4710 Blneipit
635 4642 700 4696 eod.
724 4661 751 4711 p.
771 4648 829 4696 356.
872 4641 971 4694 Consul
998 4643 1085 4712 Niger
1112 4643 1232 4697 occurrit
1254 4643 1401 4697 1111111870
1425 4645 1455 4697 et
1482 4650 1540 4711 891,

392 4726 483 4796 primo
502 4725 631 4779 videlieet
648 4728 677 4779 et
694 4726 792 4780 ultimo
810 4726 946 4781 Hadriani
962 4725 1126 4795 imperantis
1144 4745 1225 4782 anno.
1263 4732 1360 4782 Maius.
