4142 5659
644 656 694 710 An
712 656 748 710 u.
766 620 988 711 iuroumim
1004 656 1053 710 11
1069 655 1313 721 1111111111.
1497 658 1554 721 141

404 827 538 891 tertiam
560 830 667 890 autem
688 826 773 890 111111
797 827 946 910 speeiem,
970 827 1017 891 111
1040 827 1121 909 dieo,
1146 849 1183 890 11
1206 827 1346 911 negotiis
1369 827 1470 890 solam
1491 831 1553 891 ter·
1644 890 1645 893 ,

403 929 574 1011 minatam,
599 951 632 992 se
655 929 745 1007 quasi
769 931 964 993 contentam.
1010 927 1083 992 Hae
1110 929 1288 993 offieiorum
1314 929 1501 1011 partitione,
1529 930 1556 991 si
1651 937 1653 940 ’

403 1033 517 1094 tamen
540 1033 596 1093 aut
617 1029 691 1093 illel
720 1028 830 1094 verum
859 1030 966 1093 aiebat
995 1033 1052 1093 aut
1079 1050 1139 1113 ego
1167 1029 1243 1092 olim
1272 1030 1381 1093 audita
1402 1031 1556 1094 memoria

404 1132 531 1195 retineo
538 1157 552 1214 ‚·
570 1135 608 1195 ut
629 1132 734 1215 prima
756 1131 880 1194 homini
903 1131 943 1194 ad
965 1131 1160 1214 sapientiam
1180 1131 1328 1194 tendenti
1352 1131 1418 1194 sint
1442 1128 1556 1218 [moli]-

405 1236 518 1296 menta
540 1254 621 1315 quae
644 1234 684 1296 ad
706 1233 807 1296 vitam
830 1233 1028 1316 salutemque
1056 1232 1244 1315 pertinent³¹
1268 1221 1554 1320 {conservandam}

404 1335 513 1418 Igitur
542 1337 574 1397 et
605 1335 764 1417 prandere
792 1337 824 1397 et
852 1333 954 1397 lavari
989 1337 1021 1397 et
1048 1333 1170 1417 ungui²
1202 1336 1234 1396 et
1263 1335 1368 1395 eetera
1394 1333 1557 1416 ¹eiusmodi

405 1457 541 1499 munera
571 1439 648 1499 sunt
675 1435 830 1519 sapientis
854 1435 970 1498 officia.
1017 1434 1218 1518 Quamquam
1246 1455 1350 1517 neque
1371 1435 1407 1497 in
1429 1435 1554 1498 balneis

406 1537 576 1620 quisquam
599 1537 758 1620 sapientia
782 1587 789 1601 .
815 1587 821 1600 .
845 1556 949 1620 neque
971 1539 1008 1600 ut
1032 1537 1117 1600 11111
1137 1587 1143 1599 .
1164 1587 1170 1600 .
1188 1537 1228 1600 ad
1250 1558 1395 1599 mensam
1418 1538 1552 1618 cenarit,

397 1623 545 1720 ¹prandio
575 1638 724 1720 vomerit,
761 1638 955 1721 sapientiam
989 1638 1169 1701 ruetaritl.
1196 1688 1202 1700 .
1238 1638 1264 1700 si
1294 1637 1396 1700 ederis
1430 1687 1436 1700 .
1463 1638 1556 1701 ,nisi

407 1739 535 1802 vixeris.
581 1737 664 1814 Quid
686 1740 787 1824 igitur
808 1740 882 1803 11111
906 1740 1125 1802 admonendus
1149 1738 1206 1802 es?
1228 1761 1269 1802 ne
1291 1739 1341 1802 tin
1366 1789 1372 1802 .
1399 1789 1406 1802 .
1430 1738 1490 1802 hoe
1515 1789 1521 1801 .
1548 1789 1554 1802 .

407 1840 544 1922 prandio
566 1843 598 1903 et
620 1841 751 1905 mensa³
775 1841 873 1904 situm
901 1841 1075 1911 existimes.
1120 1840 1196 1903 Non
1224 1843 1274 1904 est
1302 1841 1480 1923 sapientiae
1502 1862 1556 1903 ne-

407 1941 533 2024 gotium
554 1941 656 2023 vesoi3
679 1942 734 2005 sed
757 1942 926 2024 11111111,
950 1964 1031 2025 quae
1056 1942 1125 2006 oivo
1148 1946 1296 2024 constat,
1319 1943 1410 2005 nulla
1432 1942 1556 2025 sapien-

407 2043 464 2124 tia,
495 2043 602 2106 studia
629 2042 719 2105 nulla
748 2065 817 2106 esse
843 2047 989 2127 possunt.
1035 2043 1132 2107 Nunc
1162 2094 1169 2107 .
1196 2093 1202 2108 .
1232 2044 1321 2108 vides
1351 2044 1452 2128 igitur
1483 2095 1489 2107 .
1516 2094 1522 2106 .
1549 2094 1555 2107 .

407 2144 546 2208 officiat
554 2194 694 2208 .....
706 2144 730 2228 15
765 2145 811 2208 Ar
832 2167 899 2209 non
922 2166 1022 2228 aeque
1046 2146 1213 2227 sequentia
1235 2145 1352 2227 officia,
1377 2167 1458 2228 quae
1481 2149 1558 2209 sunt

408 2245 558 2328 qualitati
582 2245 733 2329 cuiusque
756 2247 1023 2327 accommodata0,
1055 2250 1189 2328 possunt
1216 2246 1359 2309 omnium
1383 2268 1451 2310 esse
1475 2269 1557 2311 oom-

407 2347 550 2410 munial.
596 2346 695 2410 Aliud
717 2347 889 2429 prandium
912 2348 1123 2431 gubernatori
1147 2369 1313 2411 commune
1336 2350 1369 2411 et
1391 2348 1478 2411 aliud
1499 2372 1556 2432 pu·

408 2447 465 2531 gili
494 2447 533 2510 de
560 2447 698 2531 integris
726 2448 921 2532 tegoribusl.
973 2449 1073 2512 Aliud
1101 2449 1281 2532 prandendi
1315 2452 1456 2532 tempus,
1494 2450 1557 2513 alia

407 2549 537 2630 lavatio,
563 2548 644 2611 alius
667 2570 807 2632 somnus,
833 2550 896 2613 alia
918 2550 1134 2635 pervigilatio.

493 2649 669 2714 Considera
695 2650 812 2735 igitur,
843 2673 885 2715 an
912 2652 947 2715 in
974 2652 1037 2716 hae
1067 2653 1208 2716 secunda
1230 2652 1355 2717 ratione
1378 2652 1557 2716 officiorum

409 2752 613 2815 contineatur
640 2739 840 2835 eloquentiae
868 2753 1019 2817 studium.
1066 2753 1151 2817 Nam
1180 2752 1354 2818 (laesarum
1383 2757 1432 2818 est
1452 2754 1487 2817 in
1511 2776 1557 2818 se-

408 2857 487 2917 natu
510 2875 591 2936 quae
615 2875 631 2916 e
654 2876 688 2916 re
711 2856 787 2917 sunt
810 2854 958 2936 suadere,
989 2855 1144 2937 populum
1172 2856 1211 2918 de
1232 2855 1394 2939 plerisque
1416 2856 1557 2939 negotiis

407 2955 443 3018 in
470 2955 623 3018 eonoione
655 2954 832 3038 appellare,
867 2955 916 3018 ius
943 2955 1101 3020 iniustum
1137 2956 1296 3040 corrigere
1304 2957 1327 3039 ⁷,
1362 2978 1420 3040 per
1448 2957 1558 3020 orbem

492 3224 510 3261 1
528 3212 561 3260 In
578 3215 704 3276 merpine:
734 3208 828 3262 Prima
852 3208 1004 3263 officiorum
1027 3209 1134 3279 species
1157 3209 1303 3279 sapientis,
1332 3225 1428 3264 eorum
1452 3209 1558 3264 scilieet
1572 3250 1584 3259 -,

409 3308 479 3360 quae
499 3292 641 3346 advitam
660 3293 833 3362 salutemque
852 3294 1002 3362 pertinent.

492 3377 511 3429 b
529 3381 564 3429 In
581 3383 707 3445 margine:
726 3377 847 3431 Prandio
867 3393 977 3431 comeso
997 3377 1165 3447 sapientiam
1183 3379 1301 3432 ructarit
1317 3382 1432 3434 nonest
1450 3379 1557 3450 sapien·

408 3459 463 3513 tiae
482 3477 573 3528 neque
592 3478 664 3528 quae
683 3461 743 3515 eivo
763 3463 873 3515 constat
892 3479 952 3516 esse
971 3461 1109 3531 sapientia
1126 3479 1182 3516 non
1199 3463 1301 3530 potest.

496 3561 511 3598 1
530 3549 562 3597 In
580 3551 704 3613 margine:
724 3544 851 3598 Secunda
870 3548 975 3615 speeies
996 3545 1139 3613 qualitatis
1157 3546 1227 3599 haee
1245 3548 1295 3599 est.

493 3629 512 3680 d
530 3633 564 3681 In
581 3634 706 3697 margine:
737 3645 809 3696 quae
827 3633 946 3698 possunt
965 3630 1089 3684 omnium
1107 3647 1167 3684 esse
1187 3631 1357 3698 eommunia,
1380 3632 1430 3685 sed
1448 3632 1558 3686 diversa

408 3714 472 3765 sunt
491 3713 520 3765 et
532 3729 603 3778 quae
616 3714 774 3767 eommunia
792 3714 928 3768 omnibus.
965 3717 1069 3782 [Maiis
1086 3719 1150 3768 laec
1165 3725 1297 3782 postrema
1314 3721 1341 3769 in
1358 3726 1431 3770 textu
1448 3719 1559 3785 posuit]

550 3854 613 3861 .—

495 3939 508 3984 1
526 3933 657 3987 Fortasse
675 3933 823 4003 Dionysius
842 3914 990 3989 Frontonis
1008 3907 1152 4005 magister.
1171 3940 1285 4005 ‘Maius

492 4023 507 4069 2
526 4018 571 4071 Ita
589 4017 690 4073 Codex.

492 4101 593 4165 3Maii
615 4103 736 4156 schedae
758 4103 928 4158 exhibebant
950 4125 1066 4159 mensam.
1103 4104 1280 4161 Heindorfius
1307 4106 1449 4161 tentabat:
1486 4106 1558 4171 Quid

406 4183 493 4252 igitur
515 4184 577 4238 istie
599 4186 790 4240 admonendus
814 4194 860 4240 es?
889 4205 923 4242 ne
951 4195 1060 4243 studium
1086 4190 1139 4243 hoo
1160 4197 1303 4259 sapientiae
1326 4199 1352 4244 in
1381 4191 1500 4259 prandio
1528 4194 1558 4246 11

407 4284 505 4321 mensa
523 4268 607 4322 situm
626 4270 776 4324 existimes.
1135 4280 1137 4283 ’
1544 4275 1555 4289 ”

491 4358 507 4404 4
526 4351 631 4424 Supple
650 4371 746 4408 versus
763 4362 879 4424 septem.
908 4355 1099 4412 Heindorfius:
1117 4356 1195 4412 vides
1213 4356 1300 4426 igitur
1316 4360 1556 4428 1111111111ΐῇ-

407 4435 451 4491 cia
468 4444 574 4492 omnium
593 4459 649 4493 esse
667 4445 798 4494 hominum.

492 4528 507 4576 5
525 4522 627 4593 Incipit
646 4523 711 4577 Cod.
731 4542 758 4593 p.
781 4531 839 4579 396.

491 4613 507 4660 6
525 4607 569 4661 Ita
587 4607 681 4662 Codex
698 4625 749 4677 pro
773 4615 916 4678 cerporibus
934 4612 1028 4665 vetere
1047 4610 1257 4681 orthographia.
1295 4616 1392 4668 Maiis.

492 4698 506 4745 7
525 4692 678 4761 Perperam
687 4693 778 4747 Maius
788 4693 869 4763 legit:
885 4702 1026 4764 corripere.
1047 4696 1140 4750 Codex
1147 4697 1289 4768 evidenter
1298 4697 1385 4751 habet
1394 4696 1470 4765 quod
1480 4698 1553 4754 dedi.
