4142 5659
488 635 547 699 136
695 634 732 688 u.
747 605 917 692 connum
933 632 1142 688 raouroms
1159 633 1418 690 nrisrmnauu

570 805 711 881 Quaeras
733 807 871 871 fortasse
893 809 969 891 quid
992 829 1050 890 pro
1073 828 1109 871 eo
1138 856 1477 871 ...........

709 1112 813 1211 IIII.
844 1112 937 1178 Vero
959 1110 1123 1193 Augusto
1145 1111 1297 1178 Domino
1319 1113 1408 1178 IIeo.
1446 1204 1450 1212 Ι

571 1334 577 1346 .
603 1333 609 1345 .
637 1333 643 1344 ,
670 1332 676 1346 .
703 1284 725 1368 l¹
751 1282 946 1345 desideretur
967 1282 995 1344 is
1017 1281 1130 1363 honor,
1154 1303 1217 1365 quo
1239 1282 1361 1364 pariter
1382 1286 1517 1366 quisque
1541 1306 1637 1367 expe-

483 1385 525 1448 tit
532 1434 540 1466 ,
565 1385 669 1468 siquid
691 1383 821 1447 honoris
845 1382 916 1446 aliis
938 1383 1136 1466 impertitum
1162 1383 1277 1446 videat.
1322 1384 1472 1448 Probasti
1494 1408 1545 1448 me
1568 1385 1638 1448 lau·

484 1485 630 1569 dastique
654 1484 833 1567 consilium,
857 1506 959 1566 neque
982 1487 1093 1548 tamen
1114 1485 1221 1548 triduo
1237 1486 1374 1568 amplius
1389 1486 1440 1549 vel
1463 1488 1638 1570 quatriduo

483 1587 516 1650 id
539 1590 609 1650 ate
633 1588 778 1670 optinere
800 1586 943 1669 potuisti,
967 1589 1003 1648 ut
1025 1586 1106 1649 mihi
1127 1587 1225 1650 verbo
1247 1587 1384 1651 salutem
1406 1589 1637 1671 responderes3

485 1689 608 1751 sedita
632 1689 837 1772 excogitasti:
860 1688 999 1770 primum
1021 1709 1072 1750 me
1095 1687 1268 1751 intromitti
1289 1688 1325 1751 in
1348 1689 1532 1752 cubiculum
1546 1691 1638 1754 iube-

484 1790 557 1853 bas:
595 1789 641 1851 ita
674 1789 742 1870 sine
772 1789 958 1872 cuiusquam
991 1787 1113 1852 invidia
1141 1789 1284 1852 osculum
1312 1789 1428 1872 dabas,
1465 1792 1560 1854 credo
1589 1791 1638 1854 ita

484 1891 599 1973 quom2
613 1890 722 1954 animo
737 1894 793 1954 tuo
815 1892 985 1972 reputans:
1008 1889 1099 1971 mihi,
1125 1890 1175 1952 cui
1199 1912 1307 1953 curam
1331 1890 1515 1974 cultumque
1537 1894 1637 1956 tradi·

484 1992 584 2054 disses
607 1992 671 2054 oris
693 1995 788 2076 atque
811 1991 964 2055 orationis
979 1994 1065 2072 tuae,
1089 1992 1139 2053 ius
1154 1991 1298 2074 quoque3
1314 1993 1415 2056 osculi
1435 1993 1635 2077 habendum,
1742 2068 1745 2072 Α

484 2094 650 2176 omnisque
683 2093 884 2177 eloquentiae
917 2092 1090 2176 magistros
1123 2093 1172 2156 sui
1205 2092 1297 2176 lege4
1329 2093 1472 2158 fructum
1507 2094 1637 2181 caplere

485 2193 610 2282 saltem]
647 2194 681 2258 in
709 2195 796 2258 vocis
826 2195 913 2257 aditu
941 2195 1113 2258 locatum5.
1159 2195 1283 2256 Morem
1317 2194 1453 2278 denique
1487 2197 1637 2260 saviandi

469 2296 625 2383 (arbitror
647 2296 763 2359 honori
785 2295 987 2379 eloquentiae
1010 2295 1129 2358 datum.
1175 2293 1261 2358 Nam
1285 2316 1341 2358 cur
1363 2316 1398 2373 ols
1421 2296 1529 2379 potius
1552 2299 1636 2360 salu-

484 2400 592 2460 tantes
615 2398 662 2461 ori
685 2399 888 2461 admovemus
904 2419 1000 2481 quam
1023 2395 1131 2459 oculos
1154 2396 1270 2477 oculis,
1295 2399 1352 2459 aut
1372 2397 1498 2461 frontes
1520 2398 1636 2462 fronti-

485 2499 555 2580 bus,
581 2501 636 2561 aut
658 2500 771 2583 quibus
793 2499 966 2582 plurimum
981 2498 1133 2579 valemus,
1157 2519 1271 2560 manus
1287 2498 1446 2580 manibus,
1470 2500 1533 2562 nisi
1552 2501 1636 2583 quod

486 2596 639 2663 honorem
668 2600 806 2663 orationi
834 2599 1059 2684 impertimus?
1102 2598 1193 2662 Muta
1221 2600 1357 2682 denique
1386 2600 1540 2664 animalia
1567 2623 1635 2664 ora-

485 2702 574 2765 tione
597 2702 740 2765 carentia
763 2702 859 2764 etiam
882 2701 997 2765 osculis
1022 2704 1143 2764 carent.
1175 2700 1271 2764 Hunc
1294 2723 1354 2785 ego
1377 2701 1532 2765 honorem
1554 2703 1636 2766 mihi

488 2806 561 2866 ate
582 2803 730 2866 habitum
754 2801 903 2890 [pendo]6
924 2803 1064 2866 maximo
1087 2805 1118 2866 et
1146 2803 1337 2886 gravissimo
1364 2803 1516 2886 pondere.
1562 2803 1636 2867 Plu-

487 2905 569 2968 rima
591 2907 758 2987 praeterea
779 2908 835 2967 tua
859 2926 936 2988 erga
958 2926 1008 2967 me
1031 2924 1154 2966 summo
1178 2925 1249 2967 cum
1264 2925 1335 2967 meo
1350 2904 1471 2968 honore
1494 2907 1527 2968 et
1549 2905 1637 2969 dicta

432 3087 434 3091 .
489 3009 521 3069 et
548 3007 636 3070 facta
668 3007 763 3069 sensi.
809 3005 963 3081 Quotiens
990 3008 1026 3069 tu
1054 3027 1106 3069 me
1133 3006 1317 3089 manibus:⁷
1347 3005 1411 3068 tuis
1441 3006 1634 3088 sustinuisti,

488 3108 644 3172 adlevasti
667 3129 762 3192 aegre
786 3107 1027 3191 adsurgentem,
1059 3109 1116 3170 aut
1137 3107 1268 3170 difficile
1296 3106 1558 3190 progredientem
1580 3130 1637 3190 per

488 3209 706 3273 valetudinem
729 3209 891 3291 corpuris⁸
913 3203 1016 3291 paene
1039 3207 1200 3291 portasti?
1222 3230 1319 3291 quam
1333 3207 1429 3270 hilari
1444 3209 1534 3271 voltu
1557 3231 1636 3272 sem·

490 3332 548 3394 per
566 3304 698 3394 ¹placato
720 3314 757 3374 tu
778 3312 857 3373 nos9
880 3309 1007 3372 adfatus
1031 3308 1088 3372 es?
1125 3330 1229 3393 quam*
1248 3309 1387 3372 libenter
1411 3310 1635 3373 conseruisti¹⁰

489 3413 693 3477 sermonem?
729 3434 824 3495 quam
848 3411 902 3474 diu
918 3410 1126 3493 produxisti?
1163 3433 1258 3494 quam
1286 3410 1407 3474 invitus
1430 3411 1636 3474 terminasti?

577 3671 589 3716 1
608 3663 709 3732 Incipit
727 3661 793 3717 Cod.
812 3681 839 3731 p.
858 3670 917 3728 430,
936 3662 1063 3716 obscura.

576 3754 591 3800 2
611 3746 677 3801 (lod.
695 3763 748 3800 sec.
768 3765 818 3800 m.:
837 3768 898 3803 cam.

575 3840 591 3887 3
610 3831 816 3885 Oblitteratum.

576 3917 654 3970 rita
673 3914 778 3981 Codex;
799 3916 888 3970 Maius
906 3916 996 3989 minus
1014 3917 1090 3970 recte
1109 3913 1227 3968 dubitat.

576 4007 592 4054 5
609 4001 653 4054 lta
669 3999 765 4059 Maius.
792 3999 896 4054 Codex:
916 3998 1006 4053 CAPE
1018 4041 1024 4052 .
1037 4042 1042 4052 .
1054 3998 1098 4052 SA
1108 4043 1113 4053 .
1123 4002 1211 4053 ....et
1223 4005 1319 4060 locato,
1338 4017 1509 4068 quamquam
1518 4000 1637 4054 multum

493 4085 589 4141 dubito
608 4102 643 4139 an
660 4086 730 4139 haec
742 4083 881 4138 sententia
897 4086 1010 4152 integra
1027 4083 1070 4137 sit.
1096 4083 1271 4137 Heindorfius
1288 4083 1401 4152 supplet
1421 4104 1516 4152 capere
1535 4088 1637 4138 debere.

578 4176 593 4223 6
612 4169 729 4239 Supplet
746 4169 844 4222 Maius.
881 4169 945 4222 Non
963 4173 1006 4222 est
1022 4168 1130 4222 lacuna.

579 4262 592 4308 7
611 4255 713 4323 Incipit
732 4253 798 4308 Cod.
818 4273 844 4323 p.
865 4259 923 4319 429,
942 4252 1061 4308 obscura
1077 4253 1106 4305 in
1123 4253 1185 4307 fine.

578 4340 655 4394 crta
674 4338 773 4393 Codex.
1410 4397 1412 4401 ,

578 4424 715 4478 9Maius:
741 4429 914 4492 placatissimo
934 4442 993 4476 nos:
1021 4421 1126 4475 Codex:
1153 4421 1202 4490 pla
1220 4462 1467 4476 ..........
1503 4421 1639 4476 Excidere

494 4509 590 4562 decem
608 4509 727 4562 litterae.
764 4507 835 4561 Hinc
854 4506 972 4561 coniecit
989 4506 1094 4558 amicus
1114 4505 1189 4572 quod
1207 4505 1272 4559 dedi
1289 4505 1318 4558 in
1335 4507 1421 4558 textu.

563 4599 594 4646 10
612 4593 656 4646 Ita
674 4592 778 4658 Codex;
797 4590 887 4646 Maius
904 4595 1047 4646 consectati.
1071 4589 1245 4642 Eckstcinius
1262 4589 1360 4643 laudat
1377 4589 1587 4643 Drakenborch.
1602 4590 1639 4643 ad

493 4679 551 4732 Iuv.
571 4677 603 4730 X.
623 4681 663 4730 24.
684 4682 708 4730 5.
