4142 5659
873 697 1154 753 PROLEGOMENA.
1496 715 1585 761 XXIX

438 870 523 954 iniit,
547 870 691 934 nondum
713 869 782 932 nati
805 872 898 932 erant
914 868 1104 932 Commodus
1128 867 1351 956 cumvgemino
1367 867 1467 931 fratre
1483 869 1585 931 Anto-

438 973 528 1055 nino,
552 994 649 1056 quum
671 971 850 1054 Imperator
873 970 1026 1034 scriberet
1049 968 1216 1052 epistolam
1238 968 1280 1051 Il,
1308 971 1341 1051 1,
1371 991 1453 1053 quae
1474 964 1592 1052 utique

440 1075 515 1137 data
543 1077 593 1138 est
620 1075 696 1136 ante
722 1071 795 1135 Kal.
826 1071 913 1155 Sept.
953 1071 1103 1155 Requirit
1129 1073 1290 1135 orationes
1318 1093 1400 1154 quae
1428 1071 1585 1135 Frontoni

440 1174 669 1239 disertissimae
702 1175 890 1256 videantur,
929 1175 969 1236 ad
1004 1173 1131 1237 dicendi
1166 1172 1355 1237 facultatem
1392 1175 1583 1257 augendam.

439 1276 641 1361 Quamquam
665 1279 772 1340 autem
793 1276 953 1338 tenuisset
974 1296 1106 1357 morem,
1131 1297 1226 1358 quem
1248 1297 1267 1336 a
1289 1278 1381 1358 patre
1404 1284 1583 1358 acceperat,

438 1383 476 1442 ut
490 1379 724 1442 vindemiarum
745 1380 889 1461 tempore
911 1378 1132 1458 rusticaretur,
1158 1383 1251 1457 curae
1268 1377 1395 1459 imperii
1417 1398 1483 1439 non
1506 1377 1584 1439 satis

440 1481 563 1544 dabant
585 1480 643 1543 otii
666 1480 706 1542 ad
730 1479 812 1542 vires
834 1478 1023 1542 reficiendas
1047 1480 1094 1560 et,
1126 1478 1152 1541 si
1174 1480 1284 1541 tamen
1308 1478 1427 1561 aliquid
1450 1478 1507 1540 otii
1529 1500 1585 1540 na-

441 1585 511 1645 ctus
534 1583 633 1663 esset,
663 1580 723 1644 hoc
751 1580 869 1643 litteris
891 1580 1069 1664 tribuebat:
1106 1601 1273 1662 possumus
1300 1580 1363 1643 hoc
1391 1581 1518 1644 efficere
1547 1602 1585 1642 ex

439 1683 504 1746 illis
532 1680 675 1766 epistolis
704 1704 786 1765 quae
811 1681 1034 1745 inscribuntur
1063 1688 1100 1744 de
1122 1686 1221 1745 Feriis
1244 1686 1425 1746 sitriensibus
1445 1682 1585 1765 itemque

441 1806 478 1848 ex
510 1785 603 1867 epist.
634 1784 673 1846 ad
695 1783 819 1846 Anton.
847 1782 890 1866 H,
914 1783 935 1845 4
959 1785 991 1845 et
1012 1782 1043 1847 5.
1088 1782 1210 1846 Eodem
1237 1784 1341 1847 refero
1370 1785 1494 1846 sextam
1522 1783 1586 1866 epi-

440 1887 571 1969 stolam,
601 1886 636 1949 in
658 1907 721 1968 qua
743 1885 864 1948 Fronto
894 1885 972 1947 artis
995 1887 1169 1968 praecepta
1190 1885 1307 1967 tradit,
1330 1885 1455 1967 additis
1479 1906 1585 1948 excer-

439 1988 505 2071 ptis
521 1982 735 2051 Sallustianis.
767 1987 833 2051 Sub
850 1987 927 2050 anni
947 1987 1045 2050 finem
1068 1987 1224 2069 scriptum
1246 1986 1393 2049 existimo
1415 1986 1585 2049 ridiculum

440 2092 615 2152 tractatum
639 2095 676 2152 de
698 2094 785 2152 Bello
807 2094 960 2152 Parthico.
1002 2087 1109 2162 Quam
1135 2087 1249 2150 vellem
1271 2087 1460 2151 haberemus
1482 2086 1585 2149 Marci

441 2191 565 2253 Aurelii
588 2190 742 2254 iudicium
765 2191 804 2254 de
826 2193 893 2253 tam
922 2190 1035 2273 putida
1057 2192 1090 2252 et
1112 2188 1191 2252 anili
1214 2189 1410 2272 eloquentia!

524 2292 595 2355 Iam
622 2292 691 2354 nati
721 2294 814 2355 erant
841 2292 963 2376 gemini
986 2290 1176 2355 Commodus
1208 2293 1241 2353 et
1275 2291 1476 2372 Antoninus,
1512 2312 1585 2354 cum

442 2417 527 2457 anno
552 2395 612 2457 162
634 2393 823 2477 imperator.
843 2393 998 2456 scriberet
1026 2392 1194 2475 epistolam
1215 2392 1242 2475 I,
1268 2393 1304 2474 1,
1334 2391 1506 2456 Frontonis
1534 2393 1585 2455 die

441 2495 560 2578 natali,
589 2496 643 2579 qui
665 2496 744 2579 fuit,
778 2498 934 2577 utsupra
957 2494 1137 2577 suspicatus
1160 2516 1246 2576 sum,
1271 2494 1321 2557 die
1343 2493 1384 2557 V.
1409 2494 1482 2557 Kal.
1506 2494 1583 2556 Mai.

441 2597 629 2680 Respondet
657 2596 789 2685 Fronto
805 2597 841 2659 in
869 2596 961 2679 epist.
985 2595 1012 2678 I,
1043 2596 1078 2677 2,
1113 2595 1148 2658 in
1175 2617 1238 2679 qua
1266 2590 1585 2659 animadvertendum

442 2703 490 2762 est
512 2699 634 2781 Verum
656 2700 799 2761 nondum
825 2700 860 2761 in
895 2696 1020 2781 Syriam
1048 2698 1228 2780 profectum
1261 2719 1329 2761 esse
1357 2700 1390 2759 et
1417 2700 1586 2781 utrumque

440 2801 575 2864 fratrem
596 2801 732 2863 multam
755 2821 886 2882 operam
902 2800 983 2863 dare
1006 2799 1069 2863 arti
1091 2799 1258 2862 oratoriae.
1293 2799 1458 2882 Magister,
1470 2799 1586 2882 probat

441 2903 589 2986 discipuli
612 2902 775 2985 profectus
798 2904 830 2964 et
852 2903 1018 2985 praeterea
1041 2901 1204 2985 significat
1227 2923 1260 2964 se
1281 2901 1370 2964 brevi
1393 2901 1587 2984 scripturum

442 3026 509 3067 esse
538 3005 576 3067 de
605 3003 690 3086 aptis
717 3003 822 3066 verbis
851 3003 1018 3087 eligendis,
1064 3001 1177 3086 Itaque
1206 3002 1247 3064 ad
1268 3002 1348 3064 illud
1369 3003 1437 3066 fere
1459 3006 1586 3087 tempus

441 3107 544 3168 refero
560 3104 712 3188 epistolas
728 3111 766 3167 de
781 3109 962 3182 Eloquentia
986 3107 1018 3167 et
1039 3109 1076 3166 de
1093 3108 1296 3185 Orationibus,
1321 3126 1456 3186 quarum
1477 3106 1588 3166 tamen

441 3207 520 3270 haec
553 3205 649 3290 paulo
678 3205 836 3289 posterius
867 3206 987 3289 scripta
1010 3207 1069 3269 est.
1113 3204 1175 3267 llla
1208 3205 1348 3268 creditur
1385 3205 1513 3287 quidem
1548 3204 1588 3267 ad

442 3309 485 3371 M.
509 3307 681 3371 Gaesarem
708 3308 784 3371 data
806 3324 896 3390 esse,
920 3307 976 3370 sed
998 3306 1026 3370 si
1047 3305 1198 3369 foliorum
1220 3306 1365 3369 ordinem
1387 3309 1474 3368 recte
1496 3305 1587 3367 resti-

442 3410 507 3491 tui,
542 3410 666 3493 quade
693 3431 728 3472 re
754 3413 864 3472 tamen
892 3411 928 3472 in
956 3430 993 3472 ea
1022 3407 1139 3471 codicis
1167 3410 1259 3491 parte
1295 3407 1454 3471 dubitatio
1481 3409 1588 3491 potest
1640 3404 1667 3423 ²

401 3543 403 3551 ¹
443 3511 528 3593 oriri,
553 3512 629 3574 data
652 3514 701 3574 est
723 3511 762 3573 ad
778 3510 823 3573 M.
841 3510 1046 3574 Antoninum
1060 3504 1303 3593 Imperatorem.
1333 3508 1458 3572 Rhetor
1479 3508 1589 3571 omnia

443 3616 558 3696 movet,
588 3615 625 3675 ut
645 3613 874 3696 imperatorem
897 3635 915 3676 a
938 3612 1051 3675 studiis
1073 3610 1304 3695 philosophicis
1328 3610 1510 3674 abstrahat:
1533 3632 1587 3694 po-

443 3714 543 3777 stulat
574 3717 612 3777 ut
643 3715 796 3798 temporis
828 3713 1027 3797 meminerit,
1066 3735 1164 3797 quum
1197 3735 1375 3796 synonyma
1411 3712 1586 3796 colhgeret,

443 3816 540 3880 verba
562 3816 740 3899 singularia
763 3816 949 3900 requireret,
975 3818 1134 3878 commata
1157 3815 1195 3877 de
1217 3814 1403 3898 vulgaribus
1426 3814 1589 3898 elegantia

443 3917 604 4000 redderet,
641 3917 679 3980 de
713 3917 940 3980 contaminatis
974 3939 1074 3998 nova,
1108 3916 1285 4000 imaginem
1320 3916 1586 3997 adcommodaret,

443 4019 580 4101 figuram
602 4018 760 4100 iniiceret,
784 4018 890 4101 prisco
907 4019 1001 4082 verbo
1021 4018 1207 4100 adornaret,
1233 4017 1370 4080 colorem
1392 4016 1588 4081 vetustulum

444 4120 650 4203 appingeret:
680 4141 760 4203 quae
783 4120 950 4202 occupatio
974 4120 1060 4183 certe
1082 4119 1275 4201 imperatore
1298 4118 1444 4181 Romano
1467 4118 1588 4207 dignis-

444 4221 524 4283 sima
539 4223 597 4284 est.
628 4219 822 4284 Prudentius
845 4243 923 4284 sane
944 4221 1008 4284 fuit
1023 4220 1150 4283 Rustici
1166 4220 1344 4301 consilium,
1369 4219 1424 4302 qui
1439 4219 1588 4281 iuvenem

444 4322 596 4401 due'cruce
620 4323 787 4401 ῥητορική(
809 4323 859 4385 καὶ
881 4327 1044 4402 ποιητική(
1065 4322 1116 4385 καὶ
1139 4316 1364 4397 ἀετειολογίαε.

528 4421 633 4506 Epist.
669 4423 709 4486 ad
741 4422 863 4486 Verum
884 4423 927 4506 H,
952 4424 971 4486 8
1004 4424 1125 4506 scripta
1158 4425 1223 4503 est,
1258 4421 1343 4485 Vero
1377 4421 1520 4484 nondum
1552 4422 1588 4484 in

444 4523 570 4608 Syriam
586 4525 752 4608 profecte.
798 4522 858 4598 Qui
881 4547 979 4609 quum
1002 4524 1134 4588 Gan-usli
1164 4526 1361 4606 aegrotaret,
1392 4523 1588 4607 amagistro

445 4626 570 4709 accepit
593 4649 640 4708 ep.
666 4627 705 4690 ad
727 4624 803 4689 Ver.
827 4625 870 4708 Π,
894 4626 923 4689 6.
956 4625 1020 4689 Hic
1043 4629 1115 4708 post
1139 4627 1311 4689 adventum
1333 4625 1368 4687 in
1391 4624 1517 4707 Syriam
1540 4647 1588 4687 ra-

444 4728 510 4790 rius
540 4728 670 4810 scripsit
697 4730 730 4790 et
757 4726 977 4810 negligentiae
1010 4727 1148 4790 colorem
1175 4727 1332 4811 quaesivit
1360 4727 1394 4789 in
1417 4748 1466 4808 ep.
1491 4725 1587 4809 11,2.
