4142 5659
663 656 713 710 AD
731 656 767 710 M.
785 656 1006 711 ANTONINUM
1023 657 1071 710 DE
1087 655 1320 721 ELOQUENTIA
1498 659 1559 723 143

406 829 511 913 persit
535 877 911 893 ............
938 829 962 911 l¹
987 879 993 891 .
1021 879 1027 891 .
1054 879 1061 891 .
1088 879 1094 891 .
1120 829 1295 892 comisese.
1323 879 1329 892 .
1354 829 1423 892 sido
1448 879 1454 891 .
1482 878 1488 891 .
1515 878 1522 892 .
1550 879 1557 892 .

410 982 416 994 .
446 981 452 995 .
480 981 486 993 .
513 980 520 994 .
544 931 592 994 nil
615 952 653 994 ac
677 929 812 1014 capillus
835 929 895 993 etsi
918 950 985 993 non
1008 928 1138 993 cottidie
1161 951 1221 994 acu
1243 930 1423 1012 ornandus,
1447 933 1559 993 tamen

407 1033 538 1117 pectine
562 1033 678 1097 cotidie
701 1031 915 1115 expediendus
932 1029 987 1095 ‘est
1012 1081 1286 1095 .........
1296 1033 1321 1115 {²
1343 1031 1442 1095 fuisse
1465 1029 1558 1095 Croe-

336 1160 339 1164 ·
408 1157 481 1198 sum
504 1138 536 1198 et
559 1133 723 1217 Solonem,
747 1133 960 1197 Periandrum
991 1135 1024 1196 et
1046 1132 1253 1216 Polycraten,
1286 1133 1478 1196 Alcibiaden
1506 1133 1558 1196 de·
1603 1161 1604 1164 ¹

407 1237 508 1319 nique
531 1239 563 1299 ct
587 1234 770 1300 Socratem.
1235 1233 1237 1238 ’
1645 1221 1647 1224 ’

495 1335 573 1412 Quis
596 1337 723 1400 dubitat
750 1336 929 1419 sapientem
959 1336 998 1399 ab
1020 1336 1195 1418 insipiente
1217 1335 1268 1399 vel
1289 1336 1461 1420 praecipue
1484 1357 1558 1400 con·
1590 1419 1595 1426 .

408 1439 482 1502 silio
505 1442 538 1502 et
560 1438 678 1502 dilectu
701 1459 808 1501 rerum
830 1441 863 1501 et
885 1438 1036 1520 opinione
1059 1435 1244 1500 discerni3?
1287 1435 1334 1501 Ut
1355 1439 1383 1500 si
1405 1437 1448 1499 sit
1470 1437 1558 1519 optio

409 1543 514 1623 atque,
530 1538 643 1603 electio
667 1539 856 1603 divitiarum.
880 1541 976 1622 atque
999 1539 1170 1621 egestatis,
1202 1560 1395 1621 quamquam
1423 1541 1558 1623 utraque

410 1645 446 1704 et
465 1641 593 1704 malitia
614 1645 649 1704 et
668 1641 789 1704 virtute
805 1643 949 1722 careant,
970 1643 1081 1703 tamen
1097 1639 1287 1703 electionem
1307 1640 1400 1704 laude
1416 1644 1449 1704 et
1465 1640 1558 1722 culpa

409 1764 477 1805 non
507 1764 625 1806 carere.
670 1742 841 1824 Proprium
868 1763 1007 1825 namque
1036 1741 1191 1824 sapientis
1219 1741 1365 1804 officiam
1390 1745 1439 1804 est
1471 1743 1558 1804 recte

411 1843 531 1927 eligere
541 1845 564 1926 b,
588 1865 691 1926 neque
713 1865 883 1926 perperam
905 1843 956 1909 vel
978 1846 1173 1925 postponere
1195 1843 1246 1906 vel
1269 1843 1439 1906 anteferre.

497 1944 531 2009 Si
545 1967 596 2008 me
611 1946 811 2028 interrogea,
837 1944 1104 2027 concupiscamne
1123 1945 1242 2008 bonam
1253 1944 1486 2026 valetudinem,
1504 1944 1558 2007 ab·

410 2069 509 2109 nuam
525 2047 682 2130 equidem,
707 2047 734 2109 si
750 2046 813 2109 sim
828 2035 1054 2129 philosophus:
1077 2045 1160 2108 nihil
1175 2048 1225 2108 est
1240 2045 1326 2110 enim
1340 2045 1390 2108 fas
1410 2046 1558 2128 concupi·
1658 2056 1661 2060 ’

410 2169 499 2211 scere
507 2149 646 2230 sapienti
659 2151 715 2211 aut
729 2148 890 2230 adpetere,
901 2148 985 2231 quod
995 2147 1063 2210 fors
1072 2146 1143 2209 fuat
1155 2169 1197 2209 an
1204 2148 1326 2211 frustra
1334 2148 1557 2230 concupiscat3

410 2249 667 2332 necquidquam,
681 2250 766 2332 quod
779 2250 814 2312 in
826 2271 925 2312 manu
938 2249 1090 2312 fortunae
1100 2248 1197 2311 situm
1210 2247 1327 2330 videat,
1341 2248 1556 2331 concupiscet.

496 2350 618 2413 Tamen
648 2351 675 2414 si
704 2350 885 2414 necessario
914 2351 957 2413 sit
985 2349 1087 2412 altera
1115 2370 1166 2412 res
1196 2349 1362 2433 9113011111,Λ
1397 2349 1558 2414 Achillei⁴

410 2451 518 2533 potius
548 2452 775 2535 pernicitatem
798 2452 918 2536 eligam
940 2473 1036 2534 quam
1050 2450 1264 2514 debilitatem
1286 2450 1514 2515 Philoctetae&

497 2551 607 2617 Simile
629 2553 730 2638 igitur
751 2553 786 2616 in
809 2553 992 2637 eloquentia
1015 2553 1222 2616 servandum:
1251 2574 1318 2616 non
1341 2574 1435 2636 opere
1458 2554 1559 2617 nimio

412 2654 621 2737 concupiscas
644 2655 757 2738 igitur,
781 2676 842 2718 nec
864 2676 960 2738 opere
983 2654 1083 2717 nimio
1106 2675 1267 2718 auersere:
1290 2655 1558 2739 1110111180-

412 2756 488 2818 dum
510 2757 562 2838 sit,
586 2755 684 2839 longe
706 2755 865 2839 longeque
888 2755 1104 2840 eloquentiam
1125 2755 1285 2819 infantiae
1308 2756 1505 2839 praeferasd.

497 2857 616 2920 Audivi
637 2859 669 2920 te
691 2878 934 2940 nonnumquam
962 2858 1009 2921 ita
1031 2857 1207 2921 dicentem:
1236 2858 1379 2921 atenim
1403 2879 1475 2921 cum
1503 2858 1559 2921 ali-

412 2958 486 3041 quid
510 2958 675 3041 pulchrius
698 2958 842 3022 elocutus
865 2981 945 3040 sum,
969 2958 1082 3041 placeo
1097 2958 1177 3022 mihi
1192 2959 1325 3041 ideoque
1341 2959 1559 3042 eloquentiam

358 3091 360 3093 ·
410 3059 511 3143 fugio
544 3058 629 3134 Quin
651 3062 688 3123 tu
709 3059 816 3142 potius
838 3059 952 3142 illudi6
975 3059 1109 3143 corrigis
1126 3081 1163 3123 ac
1178 3059 1324 3142 mederis,
1347 3060 1407 3122 nc⁷
1430 3060 1559 3142 placeas

497 3280 515 3316 a
532 3267 565 3316 In
583 3269 696 3331 marpine
714 3269 826 3332 popinae
842 3267 1002 3330 superioris:
1030 3304 1035 3314 .
1057 3305 1062 3314 .
1084 3304 1089 3314 .
1110 3304 1115 3314 .
1137 3261 1237 3314 femin
1259 3261 1302 3314 dis
1322 3302 1435 3316 .....
1455 3261 1559 3318 cCroe
1605 3293 1628 3299 >-

415 3388 529 3401 .....
550 3345 706 3400 Socrates.
728 3390 732 3400 .
755 3390 760 3400 .
781 3389 786 3399 .
809 3390 814 3400 .
836 3390 841 3400 .
863 3389 868 3400 .
889 3364 931 3400 en.

497 3432 515 3484 b
534 3436 568 3484 In
585 3436 710 3498 mar-piae:
742 3429 858 3500 Sapiens
877 3432 912 3485 ab
930 3429 1079 3500 insipiente
1098 3429 1210 3484 oonsilio
1228 3430 1392 3499 plerumque
1410 3431 1513 3484 dilectu
1531 3434 1560 3486 et

412 3515 541 3584 opinione
561 3515 734 3570 discernitur.
771 3515 920 3584 Proprium
937 3515 1070 3585 sapientis
1088 3517 1163 3569 recte
1183 3515 1294 3584 eligere.

436 3653 438 3656 .
498 3604 562 3654 cla
581 3606 706 3669 marpine:
726 3598 842 3668 Sapiens
860 3599 929 3652 nihil
948 3617 981 3653 ex
998 3598 1052 3666 his,
1071 3599 1190 3666 quaein
1206 3616 1292 3652 manu
1309 3599 1438 3654 fortunae
1457 3599 1558 3667 videat,

412 3684 589 3752 concupiscit.
616 3685 648 3737 ln
661 3684 797 3738 electione
813 3684 910 3738 tamen
923 3684 1032 3752 sapiens
1045 3683 1147 3737 Achilli
1157 3685 1250 3752 potius
1262 3684 1458 3752 pernicitatem
1476 3702 1559 3754 quam

411 3767 585 3822 Philoctetae
605 3768 781 3823 debilitatem
798 3769 956 3837 praeoptet.
972 3791 974 3794 ·

497 3853 516 3905 d
534 3857 567 3906 Ia
584 3859 710 3922 marpine:
729 3853 914 3921 eloquentiam
932 3872 1010 3920 opere
1028 3852 1114 3907 nimio
1132 3853 1383 3922 concupiscendam
1400 3855 1561 3929 sapientiai

412 3935 572 4012 eligendpm
590 3937 627 3990 sit
645 3954 708 3992 eam
724 3937 860 3991 infantiae
878 3937 1100 4006 praeferendam.

498 4111 511 4157 1
531 4104 662 4173 Sequitur
680 4107 746 4162 Cod.
766 4126 792 4176 p.
805 4113 855 4162 394
873 4123 944 4174 quae
962 4107 1070 4162 interiit
1086 4108 1200 4178 praeter
1217 4107 1328 4162 unicam
1346 4108 1513 4163 sententiam
1530 4111 1559 4162 in

410 4191 545 4260 margine.
1215 4185 1222 4188 ”

497 4282 513 4328 2
531 4275 632 4345 Incipit
650 4275 716 4331 Ood.
736 4294 763 4346 p.
783 4284 840 4332 393.

451 4424 454 4433 Ι
497 4361 574 4414 alta
592 4359 697 4425 codem
716 4366 855 4416 discerent.
889 4360 987 4414 Maius.
1258 4386 1261 4392 .

496 4449 513 4497 4
530 4443 597 4498 Cod.
617 4462 670 4499 sec.
689 4463 725 4497 m.
746 4449 848 4502 Achilli.
877 4446 910 4499 cf.
928 4444 1026 4500 Horat.
1046 4444 1136 4499 Carm.
1154 4445 1174 4498 Ι.
1196 4451 1234 4498 15.
1254 4450 1287 4499 34
1306 4445 1434 4515 etllpod.
1456 4452 1494 4500 17.
1518 4452 1556 4502 14.

497 4532 512 4581 5
530 4528 627 4582 Malim
650 4541 741 4585 tornea.
763 4535 954 4598 Heindorfius.
1448 4541 1451 4545 ’

497 4619 512 4666 6
530 4613 632 4682 Incipit
651 4612 717 4667 eod.
736 4632 763 4682 p.
783 4620 841 4668 400.

497 4695 598 4752 leod.
616 4716 659 4766 pr.
679 4715 715 4752 111.
735 4718 790 4754 nec.
