4142 5659
599 663 648 725 ln
666 663 887 725 luronmon
905 662 976 723 ins.
997 662 1044 724 m
1063 657 1215 725 [uriom
1231 662 1339 723 nnnc
1356 663 1377 724 1.
1523 664 1564 735 95
1658 619 1664 626 ’

413 862 452 905 ea
473 844 508 904 te
531 841 611 905 mihi
634 863 653 904 a
676 841 742 904 dis¹
773 841 823 904 die
845 841 906 905 tibi
933 840 1177 905 sollemnissime
1204 841 1307 904 natali
1334 861 1405 903 meo
1432 861 1563 923 praeca-

412 947 498 1006 tum:
523 944 632 1006 omnia
654 942 734 1006 mihi
750 942 813 1006 ista
834 943 870 1005 in
886 946 919 1006 te
939 946 1058 1025 tuoque
1073 942 1175 1006 fratre
1197 942 1260 1006 sita
1283 945 1368 1025 sunt,
1393 942 1561 1005 Antonine

411 1067 483 1108 meo
511 1045 598 1108 cordi
632 1043 829 1108 dulcissime:
870 1066 948 1127 quos
983 1065 1043 1128 ego
1076 1047 1246 1127 postquam
1279 1043 1415 1127 cognovi
1449 1064 1561 1126 meque

411 1147 503 1210 vobis
526 1146 695 1228 transdidi,
725 1144 808 1209 nihil
830 1167 981 1228 umquam
1003 1168 1081 1229 prae
1111 1145 1198 1209 vobis
1221 1145 1344 1208 dulcius
1367 1145 1476 1226 habui,
1506 1166 1561 1208 ne-

412 1270 473 1331 que
496 1248 616 1312 habere
637 1269 778 1331 possum,
807 1247 937 1310 tametsi
966 1247 1045 1310 alios
1074 1269 1175 1311 annos
1203 1246 1339 1310 totidem
1366 1246 1404 1309 de
1432 1247 1561 1330 integro

412 1353 570 1432 quantum
592 1349 658 1413 vixi
680 1349 795 1414 vivam.
839 1348 911 1412 Hoc
932 1349 1033 1433 igitur
1056 1371 1156 1412 unum
1185 1349 1365 1412 coniunctis
1391 1348 1561 1431 praecibus

390 1451 453 1532 ,ab
476 1451 543 1515 deis
565 1473 744 1534 precemur,
769 1451 817 1514 uti
838 1472 894 1514 vos
916 1449 1092 1513 incolumes
1122 1454 1161 1537 et
1180 1450 1330 1513 florentes
1358 1453 1390 1512 et
1412 1449 1490 1532 reip.
1513 1449 1561 1512 fa·-

411 1552 582 1635 miliaeque
604 1556 729 1617 vestrae
756 1573 907 1637 prospere
929 1543 1079 1635 potentes
1102 1555 1241 1615 aetatem
1263 1553 1396 1636 longam
1424 1551 1558 1634 degatis

410 1651 481 1717 Neo
504 1654 675 1738 quicquam
698 1658 747 1718 est
769 1657 946 1737 praeterea,
970 1654 1054 1736 quod
1077 1674 1137 1738 ego
1159 1649 1328 1737 tantopere
1356 1653 1408 1716 vel
1430 1652 1470 1715 ab
1493 1653 1560 1716 deis

410 1756 462 1819 vel
491 1779 510 1818 a
541 1757 625 1820 forte
657 1757 789 1820 fortuna
816 1756 868 1819 vel
896 1778 915 1818 a
944 1755 1034 1819 vobis
1059 1755 1138 1838 ipsis
1171 1755 1557 1840 impetratum1²oupiam‚

410 1879 508 1940 quam
530 1861 566 1921 ut
588 1860 704 1922 vostro
718 1861 892 1940 conspectu
914 1860 947 1920 et
970 1857 1081 1920 adfatu
1110 1858 1286 1941 vestrisque
1314 1860 1383 1920 tam
1410 1857 1558 1920 iucundis

409 1958 528 2022 litteris
549 1960 615 2023 frui
640 1981 737 2042 quam
764 1959 843 2022 mihi
872 1959 1050 2022 diutissime
1077 1958 1190 2022 liceat:
1220 1959 1310 2042 eique
1339 1979 1399 2043 ego
1427 1957 1484 2041 rei,
1514 1959 1559 2022 sei

408 2061 480 2124 fieri
498 2061 611 2144 possit,
636 2082 860 2144 repuerascere
883 2063 967 2142 opto.

495 2162 582 2227 Nam
603 2163 686 2246 quod
710 2163 750 2225 ad
778 2165 900 2225 ceteras
928 2184 979 2225 res
1003 2161 1120 2245 alioqui
1150 2162 1284 2244 adtinet,
1308 2165 1359 2225 sat
1385 2162 1471 2225 vitae
1499 2164 1556 2225 est.

409 2263 513 2329 Video
536 2267 579 2347 te,
605 2265 782 2346 Antonine,
807 2263 992 2346 Principem
1014 2266 1082 2326 tam
1105 2263 1281 2348 egregium,
1305 2285 1401 2347 quam
1417 2265 1558 2347 speravi3

409 2368 478 2428 tam
505 2367 641 2449 iustum,
671 2369 740 2429 tam
767 2366 984 2448 innccentem7
1008 2387 1105 2448 quarn
1134 2365 1305 2448 spopondi3
1333 2369 1401 2428 tam
1428 2369 1558 2449 gratum

408 2468 527 2551 populo
550 2489 682 2531 romano
705 2471 737 2530 et
753 2468 930 2550 acceptum,
955 2489 1052 2550 quarn
1067 2468 1191 2550 optavi3
1214 2470 1281 2530 tarn
1304 2467 1367 2530 mei
1384 2470 1556 2551 amantem,

409 2591 506 2652 quam
529 2590 589 2652 ego
610 2568 712 2652 volui3
740 2572 808 2632 tarn
836 2568 1025 2650 disertum³‚
1055 2590 1151 2652 quam
1179 2569 1248 2652 ipse
1270 2569 1408 2633 voluisti.
1453 2568 1558 2633 Nama

408 2671 465 2734 ubi
487 2671 628 2754 primum
657 2671 790 2753 coepisti
817 2692 943 2734 rursum
964 2670 1056 2753 velle,
1092 2670 1175 2734 nihil
1202 2671 1294 2734 offuit
1318 2671 1481 2734 interdum
1503 2693 1558 2735 no-

407 2772 534 2836 luisse⁴.
564 2771 666 2835 vlieri
689 2772 787 2835 etiam
812 2794 868 2836 vos
898 2772 1012 2835 cotidie
1037 2772 1242 2835 facundiores
1270 2772 1361 2835 video
1389 2776 1421 2836 et
1450 2773 1558 2837 exulto

409 2875 500 2957 quasi
523 2873 627 2937 adhuc
648 2874 813 2958 magister.
859 2873 943 2937 Nam
966 2895 1062 2957 quom
1083 2873 1186 2937 omnis
1209 2873 1344 2936 virtutes
1366 2877 1490 2937 vestras
1512 2875 1557 2937 di-

407 2976 509 3060 ligam
530 2978 563 3038 et
578 2975 764 3058 amplectar,
788 2975 892 3039 fateor
904 2979 1020 3038 ¹tamen
1035 2976 1244 3059 praecipuum
1265 2997 1316 3039 me
1338 2980 1371 3038 et
1392 2976 1557 3058 proprium

409 3077 563 3162 gaudium
591 3097 630 3139 ex
659 3077 841 3160 eloquentia
869 3081 976 3141 vestra
1005 3098 1127 3160 capere.
1173 3076 1309 3140 Itidemb
1342 3082 1379 3140 ut
1406 3080 1557 3159 parentes

410 3179 539 3243 cumin
561 3178 651 3241 voltu
672 3179 808 3242 liberum
836 3181 900 3243 oris
927 3178 976 3242 sui
997 3179 1189 3242 liniamenta
1211 3178 1397 3260 dinoscunt,
1427 3178 1474 3240 ita
1496 3200 1557 3263 ego

410 3304 482 3345 curn
509 3281 545 3344 in
573 3281 772 3344 orationibus
799 3280 913 3344 vestris
942 3280 1080 3365 vestigia
1108 3281 1255 3343 nostrae⁵
1284 3283 1389 3343 sectae
1413 3279 1556 3343 animad-

411 3387 508 3466 verto,
537 3385 653 3461 γέγηθε
682 3387 717 3448 δὲ
740 3385 845 3462 φρένα
867 3384 958 3462 Λητώ
968 3405 977 3427 ’ν
1008 3383 1088 3445 meis
1116 3382 1202 3445 enim
1234 3381 1340 3445 verbis
1377 3381 1556 3464 exprimere

494 3604 511 3640 a
530 3592 704 3654 In-nearpinc:
723 3585 889 3638 Adhortatio
909 3585 945 3638 ad
964 3585 1159 3653 eloquentiam.

494 3672 565 3725 bIn
582 3678 707 3740 niarpz'ne:
730 3670 830 3723 Itidem
853 3675 885 3723 ut
906 3672 1037 3738 parentes
1061 3669 1172 3723 cumin
1196 3671 1273 3725 voltu
1294 3670 1414 3724 liberum
1437 3670 1491 3724 oris
1514 3671 1555 3724 sui

407 3757 570 3809 liniamenta
589 3755 742 3822 dinoscunt,
765 3755 806 3808 ita
824 3755 853 3808 et
870 3755 1005 3822 magister
1024 3772 1086 3808 cum
1103 3755 1131 3807 in
1151 3755 1276 3809 oratione
1295 3755 1421 3825 discipuli
1438 3757 1556 3824 vestigia

406 3839 554 3895 facundiae
572 3856 638 3893 suae
656 3838 860 3894 animadvertit.
1268 3841 1275 3855 '

494 4052 507 4098 1
528 4044 633 4099 Codex:
652 4048 733 4099 abdis.
763 4043 852 4098 Maius
869 4043 961 4113 locum
979 4061 1128 4114 perperam
1147 4045 1297 4100 constituit.
1329 4044 1458 4100 Fortasse
1475 4063 1555 4115 prae-

407 4132 475 4184 stat:
495 4137 554 4200 qcia
571 4142 598 4184 tu
616 4149 667 4182 scr.
703 4127 879 4198 Sohopenus:
895 4128 971 4197 quod
989 4141 1015 4182 tu
1032 4134 1131 4184 scribis.

492 4223 508 4269 2
526 4215 628 4284 Incipit
646 4212 712 4267 eod.
733 4213 795 4268 Vat.
815 4232 842 4282 p.
856 4220 897 4268 97.

494 4308 509 4354 3
528 4299 594 4355 Cod.
614 4318 656 4368 pr.
677 4317 713 4352 m.
734 4285 877 4353 dissertum.
905 4307 908 4311 '

492 4390 508 4437 4
526 4384 637 4438 Plenius
654 4384 725 4437 haec
743 4382 870 4438 dicentur
887 4383 915 4436 in
934 4382 1058 4452 epistulis
1076 4381 1110 4437 de
1128 4382 1295 4452 Eloquentia
1317 4381 1397 4437 etde
1416 4382 1554 4440 Orationi·

406 4467 467 4522 bus.
490 4467 601 4522 Marcus
618 4468 677 4539 ipse
698 4468 732 4522 de
750 4469 833 4523 rebus
851 4469 905 4523 suis
923 4469 944 4535 l,
959 4474 987 4522 17
1007 4469 1114 4538 gratias
1133 4470 1193 4538 agit
1211 4468 1263 4522 diis
1281 4469 1356 4537 quod
1367 4469 1396 4522 in
1408 4470 1554 4523 rhetoricis

406 4542 578 4623 poeticisque
596 4553 693 4607 studiis
710 4554 785 4607 haud
804 4554 952 4623 ampliores
971 4570 1135 4624 progressus
1153 4554 1270 4621 fecisset,
1288 4571 1322 4607 ne
1340 4554 1445 4608 scilicet
1462 4572 1480 4608 a
1491 4572 1553 4624 gra-

406 4637 529 4693 vioribus
549 4636 621 4691 curis
637 4638 828 4706 impediretur.
866 4643 959 4692 Maius.

424 4750 426 4753 ·
492 4722 631 4777 bCodex:
651 4735 748 4777 nostra.
