4142 5659
805 646 855 700 AD
873 645 1094 702 ANTONINUM
1111 648 1209 702 PIUM.
1443 642 1445 644 ’
1519 651 1579 716 165

429 819 626 904 postulem¹3
654 819 821 882 immemor
844 819 1014 901 amicitiae,
1039 819 1102 882 nisi
1125 818 1259 882 saltem²
1281 819 1480 903 deprecando
1503 820 1578 884 sub·

428 921 543 986 levem.

516 1023 593 1087 Fuit
615 1024 685 1087 sine
707 1025 804 1087 dubio
825 1022 928 1107 Niger
948 1022 1120 1088 Censorius
1142 1023 1310 1087 verborum
1333 1044 1462 1086 suorum
1483 1025 1577 1107 inpos

429 1129 465 1191 et
485 1127 593 1190 minus
623 1126 858 1208 consideratus,
887 1126 942 1190 sed
969 1125 1054 1189 idem
1075 1124 1249 1188 multarum
1271 1127 1397 1188 rerum³
1419 1126 1507 1210 frugi
1529 1126 1578 1189 vir

429 1231 465 1293 et
490 1229 585 1291 fortis
614 1230 647 1290 et
673 1228 860 1291 innocense
903 1228 990 1292 Tuae
1019 1226 1208 1290 clementiae
1231 1229 1295 1308 est,
1310 1224 1418 1311 imp,
1447 1226 1577 1291 unicam

428 1330 572 1394 hominis
596 1329 767 1392 verborum
790 1329 917 1412 eulpam
941 1350 1012 1393 cum
1042 1329 1155 1392 ceteris
1184 1329 1251 1391 eius
1273 1331 1359 1392 reete
1380 1329 1476 1393 factis
1499 1351 1576 1413 pon-

429 1433 552 1496 derare.

516 1533 588 1617 llgo
623 1532 751 1616 quidem
779 1553 852 1595 cum
884 1531 922 1595 ad
952 1532 1129 1595 amicitiam
1158 1531 1226 1594 eius
1255 1533 1390 1614 accessi,
1426 1555 1476 1596 a.
1502 1583 1508 1596 .
1535 1582 1542 1595 .
1568 1583 1575 1596 .

428 1658 516 1700 crem
532 1658 600 1699 o..
628 1685 633 1697 .
660 1685 667 1697 .
691 1635 742 1696 m⁴
766 1636 898 1697 strenua
920 1655 1018 1717 opera
1033 1633 1119 1696 domi
1139 1632 1276 1716 bellique
1298 1620 1573 1716 promeruerant5.

427 1737 476 1803 Ut
498 1739 620 1801 ceteros
644 1736 711 1799 eius
734 1736 852 1799 amicos
874 1735 1038 1818 omittam,
1068 1734 1211 1799 Turboni
1234 1735 1377 1799 Mareio⁶
1405 1739 1436 1800 et
1458 1735 1576 1799 Erucio

428 1839 543 1905 Olaro⁷
574 1841 644 1902 erat
664 1836 949 1901 familiarissimus:
979 1837 1033 1921 qui
1057 1837 1139 1900 duo8
1162 1837 1273 1923 egregi
1296 1837 1357 1901 viri
1380 1836 1462 1901 alter
1484 1859 1576 1921 eque-

428 1941 515 2022 stria,
540 1939 623 2003 alter
638 1939 810 2003 senatorii⁰
833 1939 954 2002 ordinis
976 1937 1109 2021 primari
1131 1938 1272 2002 fuerunt.
1304 1938 1421 2003 Postea
1441 1961 1515 2003 vero
1538 1962 1576 2003 ex

427 2042 493 2106 tuis
526 2041 624 2104 etiarn
656 2040 782 2104 iudiciis
816 2041 844 2104 ei
877 2039 1051 2124 plurimum
1084 2042 1116 2103 et
1149 2039 1280 2104 honoris
1315 2044 1347 2104 et
1374 2042 1576 2105 auctoritatis

428 2145 617 2208 accesserat.
663 2141 751 2205 Talis
774 2162 834 2224 ego
857 2141 915 2205 viri
945 2141 1121 2205 amicitiam
1144 2140 1305 2224 adpetivi.

512 2244 610 2308 Haud
633 2246 733 2308 sciam
743 2243 767 2283 ¹⁰
795 2266 837 2306 an
865 2243 919 2327 qui
948 2243 1034 2305 dicat
1063 2242 1209 2306 debuisse
1231 2266 1282 2306 me
1305 2244 1480 2307 amicitiam
1503 2267 1575 2308 crnn

428 2369 465 2411 eo
487 2347 632 2411 desinere
643 2345 677 2428 ¹¹,
701 2348 870 2428 postquam
900 2365 1114 2427 cognoveram
1136 2345 1276 2427 gratiam
1303 2345 1371 2408 eius
1399 2346 1489 2429 apud·
1506 2347 1573 2409 ani—

427 2471 515 2511 mum
537 2450 629 2510 tuum
650 2446 864 2510 imminutam.
1297 2454 1300 2461 '

512 2549 695 2632 Numquam
723 2549 769 2612 ita
792 2548 953 2612 animatus
975 2548 1038 2630 fui,
1068 2547 1168 2631 lmp,
1199 2551 1235 2634 ut
1256 2550 1392 2631 coeptas
1420 2548 1594 2629 inrebus

427 2650 786 2744 prosperisamicitias,
811 2650 838 2713 si
861 2648 937 2733 quid
960 2649 1084 2712 adversi
1106 2649 1336 2734 increpuisset,
1361 2650 1571 2714 desereremb.

427 2754 472 2818 Et
487 2753 635 2835 omnin03
659 2773 715 2815 cur
729 2751 815 2816 enim
835 2773 900 2814 non
916 2750 1111 2814 sententiam
1128 2751 1272 2834 l¹²animi
1287 2751 1350 2815 mei
1365 2751 1573 2835 expromam?

511 2991 529 3026 a
547 2977 580 3025 ln
597 2977 724 3040 margine:
743 2969 900 3024 Verborum
911 2969 993 3039 inpos
1010 2971 1040 3023 et
1051 2969 1141 3024 minus
1160 2969 1361 3037 consideratus,
1379 2971 1465 3039 frugi,
1484 2970 1571 3035 fortis,

425 3060 565 3112 innocens.

510 3144 529 3196 b
549 3147 582 3195 In
599 3147 724 3209 margine:
743 3141 899 3207 Numquam
919 3171 951 3178 -
970 3141 1134 3194 desererem.

513 3357 525 3399 1
546 3345 612 3400 Coo.
631 3363 673 3415 pr.
693 3363 728 3397 m.
748 3349 879 3412 postulem.

510 3430 610 3484 2Cod.
630 3448 671 3498 pr.
691 3447 727 3481 m.
746 3435 859 3482 salutem.

510 3524 526 3570 3
543 3515 588 3568 Ad
605 3514 641 3568 M.
662 3513 738 3567 Caes
758 3514 778 3566 Ι.
798 3520 826 3567 8:
845 3519 949 3568 omnium
967 3533 1052 3566 rernm
1067 3533 1153 3565 carrus.
1185 3510 1262 3575 Quae
1279 3511 1396 3580 perinde
1414 3512 1490 3566 dicta
1507 3515 1571 3566 sunt

426 3603 511 3669 atque
530 3618 574 3668 ap.
595 3598 649 3653 cic.
669 3614 721 3668 pro
739 3596 831 3661 Quint.
851 3606 879 3652 3:
907 3609 1051 3651 ceterarum
1065 3617 1149 3649 remon
1166 3602 1355 3664 paterfamilias
1372 3608 1398 3649 et
1413 3603 1527 3664 paradeus
1545 3609 1571 3651 et

425 3695 545 3740 attentem
580 3683 651 3737 Vide
669 3683 781 3737 Hotom.
802 3681 917 3736 Observ.
936 3682 982 3736 IV.
1004 3689 1043 3735 11.
1069 3683 1167 3736 Graev.
1188 3680 1224 3734 ad
1242 3680 1296 3734 Cic.
1316 3682 1351 3734 de
1369 3681 1431 3737 Sen.
1446 3689 1469 3735 2.
1494 3686 1575 3762 Bam⁴

322 3807 326 3816 ‹
424 3789 537 3828 mmmm.

509 3861 525 3908 4
543 3855 680 3908 Accurate
700 3839 764 3906 dedi
783 3851 891 3906 Codicis
910 3851 1071 3926 lectionem3
1091 3851 1172 3906 aliter
1183 3851 1281 3906 Maius.
1312 3851 1487 3906 Heindorfius
1499 3853 1569 3907 scire

424 3957 480 3994 non
491 3940 611 4009 poteras
629 3940 692 3993 octo
709 3939 820 3991 tantum
836 3936 944 3991 litteras
962 3936 1084 4005 periisse.

509 4033 525 4080 5
544 4024 672 4092 Oodfpr.
691 4041 726 4076 m.
744 4031 947 4090 promeruerunt.

509 4116 525 4163 6
545 4108 585 4163 Cf.
602 4107 683 4162 Dion.
704 4107 776 4162 Cass.
797 4112 837 4160 69.
859 4111 898 4160 18.
936 4105 1075 4175 Spartian.
1095 4105 1180 4160 Hadr.
1199 4112 1222 4159 5.
1260 4110 1353 4158 Maius.

510 4201 524 4248 7
545 4195 584 4247 Of.
603 4193 684 4247 Dion.
704 4192 779 4246 (lass.
798 4197 838 4246 68.
860 4197 901 4246 30.
930 4190 1000 4252 Plin.
1019 4191 1070 4260 Ep.
1090 4191 1124 4243 Π.
1144 4197 1168 4244 9.
1199 4190 1268 4244 Geli.
1287 4189 1367 4243 Noet.
1386 4189 1444 4244 Att.
1464 4189 1523 4243 VII.
1543 4196 1566 4244 6.

425 4286 455 4332 12
474 4279 547 4333 XIII.
568 4284 608 4333 18.
627 4283 651 4331 ⁸2.
687 4281 782 4331 Maius.

508 4369 524 4418 8
544 4361 610 4417 Cod.
629 4380 671 4431 pr.
690 4377 726 4414 m.
750 4367 820 4416 dnos.

508 4455 524 4502 9
542 4446 609 4501 Cod.
628 4445 738 4500 videtur
756 4445 861 4499 habere
879 4451 1000 4509 senatori,
1020 4444 1070 4498 sed
1086 4443 1228 4512 postrema
1245 4441 1340 4494 littera
1357 4442 1463 4496 incerta
1481 4444 1530 4497 est.

493 4539 524 4586 10
542 4530 599 4584 Sor.
618 4537 682 4585 scio.
716 4535 890 4597 Heindorfias.

492 4623 523 4670 11
543 4615 610 4670 (lod.
630 4621 749 4670 desinire.

493 4708 524 4754 12
543 4699 645 4769 Incipit
662 4699 728 4755 Cod.
748 4719 775 4769 p.
795 4705 853 4767 355,
872 4698 948 4774 errius
965 4699 1103 4769 scriptura
1120 4696 1239 4752 difficilis
1254 4697 1328 4752 lectu
1345 4696 1396 4750 est.
