4142 5659
745 655 946 712 EPISTULAE
963 658 1140 712 GRAECAE.
1357 611 1359 613 Ι
1468 716 1473 721 ,
1490 659 1550 722 247

401 835 595 915 εὑρήεομεν1
621 834 680 912 οὐχ
704 833 807 911 ὅμοια.
847 830 971 894 Μάθοιε
994 833 1028 894 δ’
1052 831 1091 895 ἂν
1115 830 1283 909 προεέχων
1306 835 1430 898 ταῖείτε
1452 832 1551 902 δίκαιε

399 939 450 1001 καὶ
473 941 541 1002 τοῑε
564 937 683 1011 ἀγῶειν
706 937 774 999 τοῑε
796 933 955 1012 δημοείοιε
985 935 1036 997 καὶ
1063 939 1130 997 τοῑε
1158 938 1342 1006 ἰδιωτικοῖε·
1371 945 1448 1012 ἔνθα
1477 945 1551 1012 οὔτε

400 1037 564 1107 ότόποεῖ
592 1043 658 1102 τῶν
682 1036 904 1116 δικαετηρίων,
935 1035 1010 1099 οὔτε
1041 1042 1108 1103 τῶν
1137 1043 1332 1112 δικαζόντων
1361 1048 1379 1112 6
1407 1049 1547 1127 ἀριθμόε,

399 1142 476 1206 οὔτε
498 1139 622 1220 woffo(
651 1145 718 1203 τῶν
747 1138 878 1217 φάεεων
898 1138 959 1230 καὶ
987 1138 1146 1218 κλήεεων,
1174 1143 1264 1209 οὔτε,
1280 1153 1339 1212 τοῦ
1367 1149 1485 1214 ὕδατοε
1512 1151 1550 1213 τὸ

399 1245 528 1323 μέτρον,
553 1242 630 1306 οὐδέ
651 1262 688 1316 γε
711 1242 750 1304 τὰ
759 1239 770 1277 ⁴
793 1241 1030 1318 προετιμήματα
1045 1248 1111 1306 τῶν
1127 1251 1397 1328 κατεγνωεμένων
1420 1252 1549 1328 ταύτάί,

399 1344 502 1409 ἀλλὰ6
526 1347 675 1408 πλεῑετον
698 1341 776 1407 όεον
799 1342 963 1418 διήνεγκεν
992 1343 1031 1405 τὰ
1054 1345 1186 1423 δημόεια
1208 1357 1274 1414 τῶν
1298 1352 1397 1417 ἰδίων.
1424 1353 1479 1417 Καὶ
1500 1354 1550 1416 ὅτι

398 1452 454 1524 τῆ(
477 1448 534 1525 μὲν
558 1446 687 1510 πόλεωε
709 1442 966 1509 ἀναπεπτάεθαιί
990 1446 1140 1524 προεήκει
1163 1450 1218 1512 τάε
1241 1454 1343 1516 πιίλαε
1367 1454 1492 1519 εἰειέναι
1514 1477 1548 1519 τε

398 1556 443 1634 τῶ
472 1549 661 1630 βουλομένῳ
690 1548 741 1611 καὶ
769 1546 883 1612 ἐξιέναι
912 1545 1012 1610 ὁπότε
1041 1548 1228 1626 βούλοιτο·8
1252 1553 1371 1638 ἑκάετιμ
1394 1558 1429 1619 δέ
1456 1557 1547 1634 ἡμῶν

398 1658 465 1715 τῶν
489 1651 626 1747 ἰδιωτῶν
655 1649 681 1713 εἰ
704 1650 744 1726 μὴ
768 1647 925 1727 φυλάττοι
949 1649 1006 1712 τὰ(
1030 1650 1128 1728 θύραι
1151 1653 1200 1715 καὶ
1222 1654 1308 1720 πάνυ
1331 1657 1504 1736 γρηγοροίη
1528 1658 1546 1721 ὁ

398 1753 558 1834 θυρωρόε,
583 1751 701 1830 εἰργων
718 1750 774 1828 μὲν
790 1753 845 1826 τῆε
869 1749 993 1814 εἰεόδου
1015 1752 1092 1815 τοὺ(
1114 1757 1212 1832 μηδὲν
1227 1740 1458 1843 προεήκονταε,
1480 1764 1547 1823 τοῖε

398 1857 433 1918 δὲ
457 1854 592 1919 οἰκέται(
609 1855 669 1917 οὐκ
684 1853 867 1931 ἐπιτρέπων
891 1851 995 1915 ἀδεῶε
1012 1852 1112 1918 ὁπότε
1129 1857 1300 1934 βούλοιντο
1323 1859 1385 1925 ἔξω
1402 1860 1549 1940 βαδίζειν,

343 2043 344 2046 ¹
398 1956 456 2020 οὐκ
480 1956 520 2020 ἀν
537 1955 645 2034 ὀρθῶε
668 1954 870 2032 οἰκουροῑτο9
890 1954 928 2017 τά
951 1955 1029 2017 κατὰ
1051 1957 1110 2033 τὴν
1134 1957 1242 2024 οἰκίαν.
1290 1960 1345 2024 Καὶ
1368 1962 1456 2025 ετοαὶ
1478 1962 1548 2026 δέ10

398 2059 447 2122 καὶ
470 2057 549 2135 ἀλεη
572 2058 622 2121 καὶ
646 2057 748 2137 βωμοὶ
771 2055 820 2119 καὶ
845 2055 1035 2134 γυμνάεια11
1058 2058 1108 2119 καὶ
1132 2061 1251 2137 λουτρὰ
1273 2062 1312 2125 τὰ
1335 2064 1393 2139 μὲν
1416 2063 1548 2139 δημόεια

397 2163 491 2225 πᾶειν
520 2160 571 2222 καὶ
598 2163 717 2238 προῖκα
745 2157 882 2238 ἀνεῖται,
917 2157 956 2220 τά
990 2159 1025 2220 δὲ
1059 2163 1125 2222 τῶν
1161 2159 1297 2227 ἰδιωτῶν
1335 2162 1400 2226 ὑπὸ
1438 2169 1548 2246 ειδηρᾷ

397 2263 496 2326 κλειδὶ
518 2261 570 2324 καί
591 2282 653 2326 τινι
677 2259 877 2338 θυροφιίλακι
887 2258 925 2296 ¹²·
950 2260 999 2321 καὶ
1021 2261 1132 2335 μιεθόν
1155 2261 1338 2338 ἐκλέγουειν
1366 2266 1454 2344 παρὰ
1480 2271 1546 2329 τῶν

397 2365 598 2443 λουομένων.
639 2361 723 2426 Οὐδὲ
751 2363 791 2424 τὰ
813 2363 928 2425 δεῖπνα
950 2363 986 2425 δὲ
1009 2359 1105 2438 ὅμοια
1127 2363 1166 2425 τὰ
1199 2362 1338 2428 ἰδιωτικὰ
1367 2367 1417 2429 καί
1444 2367 1483 2429 τά
1510 2366 1546 2431 έν

397 2464 597 2547 πρυτανείῳ·
623 2465 699 2528 οὐδὲ
723 2463 741 2526 6
762 2461 863 2525 ίπποε
886 2460 905 2525 ό
927 2483 962 2526 τε
985 2463 1142 2528 ίδιωτικόε
1165 2465 1216 2528 καὶ
1239 2465 1257 2529 6
1280 2467 1445 2545 δημόειοε·
1469 2467 1547 2532 οὐδὲ

397 2569 415 2646 ἡ
439 2566 596 2647 πορφύρα
618 2572 685 2630 τῶν
709 2565 879 2643 ἀρχόντων
902 2565 1041 2630 καὶτῶν
1064 2570 1229 2642 δημοτῶν·
1252 2567 1329 2633 οὐδὲ
1351 2568 1545 2648 δετέφανοε

396 2675 464 2735 τῶν
494 2669 603 2747 ῥόδων
626 2673 693 2732 τῶν
717 2666 846 2730 οἴκοθεν
870 2666 919 2729 καὶ
948 2667 966 2730 6
994 2671 1050 2744 τῆ(
1078 2667 1184 2732 ἐλαία(
1212 2672 1269 2747 τῆε
1298 2671 1545 2749 Ὀλυμπίαεινῐί.

482 2768 587 2836 Ἀλλὰ
614 2773 714 2833 ταῦτα
742 2770 799 2848 μὲν
828 2768 932 2833 έάεειν
960 2789 1012 2846 μοι
1039 2766 1127 2832 δοίκῶ
1158 2771 1206 2833 καὶ
1235 2773 1405 2851 χαριεῑεθαί
1433 2793 1481 2836 εοι
1508 2775 1545 2837 τὸ

397 2876 464 2938 δεῖν
488 2871 617 2936 έπεεθαι
642 2874 708 2935 τοῑε
732 2870 891 2949 δημοείοιε
914 2871 954 2934 τά
977 2871 1124 2935 ἰδιωτικά.
1150 2872 1379 2951 Κεχαριεμένοε
1395 2876 1429 2938 δὲ
1445 2879 1543 2938 τοῦτο

397 2974 503 3039 οὐκέτι
531 2972 718 3053 χαριεαίμην
746 2974 786 3038 ἂν
816 2975 914 3036 τοῦτο
941 3022 947 3034 .
973 3021 979 3034 .
1003 2993 1071 3036 ειεα
1095 3021 1102 3034 .
1129 3021 1135 3034 .
1160 2976 1247 3038 ολειν
1270 3024 1276 3035 .
1302 2974 1341 3035 ,14
1364 2974 1544 3052 ἐπιτρέπειν

396 3080 536 3155 χρῆεθαι.
580 3076 661 3153 Ἤδη
689 3074 788 3138 τοῦτό
816 3074 898 3138 έετιν
926 3075 945 3138 δ
974 3073 1087 3157 έγῶί15
1113 3074 1235 3153 φράεω.
1280 3076 1325 3139 Τὸ
1352 3077 1409 3154 μὲν
1432 3075 1544 3155 ἀμφιε-

484 3286 496 3331 1
519 3278 584 3332 Cod.
605 3277 759 3345 είρὴεομεν.
798 3274 924 3328 Correxit
940 3274 1118 3327 Niebuhriux

482 3364 559 3417 elta
578 3361 678 3427 Codex,
697 3360 773 3428 quod
789 3359 959 3413 Niobuhriuo
976 3359 1033 3412 iem
1052 3359 1216 3413 coniecerat.
1250 3359 1340 3413 Maius
1357 3361 1451 3426 τόνοι,
1470 3360 1543 3413 unde

397 3448 539 3504 Iacobsius
557 3447 649 3512 όγκοε.
919 3490 924 3496 .

483 3541 499 3587 3
516 3530 617 3600 incipit
636 3528 701 3582 eod.
720 3547 747 3598 p.
770 3535 825 3582 138.

482 3616 610 3671 4Codex
627 3615 702 3679 οὔγε.

461 3740 462 3743 ¹
483 3709 498 3755 5
517 3700 582 3754 Cod.
604 3715 721 3752 τααυτα.

482 3792 498 3839 6
515 3786 559 3839 Ιία
577 3783 678 3837 Codex.
715 3781 804 3834 Maius
822 3783 887 3850 ἄμας
905 3782 978 3834 unde
997 3781 1139 3835 Iacobsius
1158 3783 1218 3849 ἄρα.

483 3877 498 3925 ’ί
518 3868 584 3922 Cod.
603 3868 838 3922 ἀναπεπετάεθαι.

481 3960 497 4008 8
517 3953 582 4007 Cod.
604 3955 795 4017 βουλοιτοτατ.

402 4090 408 4100 ,
482 4047 498 4094 9
517 4037 583 4092 Cod.
603 4037 761 4102 οίκυριοιτο.
793 4034 869 4088 Corr.
888 4035 1058 4090 Niebuhrius
1077 4038 1106 4089 οἰ
1122 4037 1270 4090 Ιαοολιείιιο.

466 4131 498 4195 10
516 4122 576 4176 Om.
594 4120 691 4174 Maius.

468 4214 497 4261 11
518 4207 584 4261 Cod.
603 4205 714 4259 videtur
731 4204 835 4258 habere
855 4206 977 4270 γυνάεια.

376 4294 383 4297 “
468 4299 497 4347 12
516 4292 560 4345 sta
578 4289 724 4344 emendavi
742 4287 850 4342 Codicis
869 4290 949 4357 (ἀριμ
970 4291 1083 4356 φύλακι.

466 4384 498 4431 13
518 4374 583 4430 Cod.
605 4378 679 4428 ελαι(
697 4379 749 4441 τῆ(
768 4376 936 4438 δλυπειαειν,
955 4373 1004 4426 sed
1022 4391 1091 4427 eras,
1106 4390 1150 4427 πε,
1178 4373 1243 4425 Mox
1261 4372 1349 4426 Maius
1368 4373 1425 4438 ἅμα
1441 4377 1542 4439 ταῦτα,

396 4463 470 4516 unde
489 4459 631 4514 Iooobeiue
649 4459 727 4512 ἀλλά.

467 4553 499 4600 14
516 4546 561 4598 lta
582 4560 597 4598 e
621 4543 721 4597 Codice
745 4542 922 4611 descriptum.
958 4543 1061 4596 Maius:
1085 4559 1147 4596 πει(
1166 4585 1170 4596 .
1193 4585 1198 4594 .
1220 4545 1278 4596 δειν
1297 4585 1328 4597 ..
1357 4540 1453 4595 Malim
1470 4542 1541 4594 fere:

397 4635 432 4686 τὸ
452 4637 544 4685 πεῑεαι
561 4630 653 4682 θέλειν
672 4630 716 4681 καί
735 4629 822 4694 ἐπιτρ.

467 4720 499 4768 15
516 4712 617 4782 Ιιιοίρίί
635 4711 701 4766 Cod.
720 4729 747 4780 p.
769 4718 824 4766 137.
