4142 5659
786 676 985 731 EPISTULAE
1005 676 1182 731 GRAECAE.
1225 694 1233 729 ι
1492 684 1553 748 251

345 904 350 910 .
408 870 469 915 νον
497 853 746 929 παραςκευάζοι,
775 850 887 928 ἕτερον
918 852 953 915 δὲ
981 850 1116 915 ἐπαίνου
1144 853 1336 933 ἀποςτεροίη
1366 853 1406 916 οὐ
1436 853 1554 918 δίκαιός

409 952 549 1035 [έςτινΓ.
581 953 621 1015 (ό
644 955 680 1015 δὲ
702 954 823 1030 μεγάλα
845 956 936 1031 δώρα
952 953 1104 1031 πέμπων,
1129 962 1233 1038 ςαυτῷ
1257 958 1314 1034 μὲν
1337 955 1472 1022 ἔπαινον
1496 978 1554 1020 πα-

409 1054 608 1133 ραςκευάζεις
625 1055 669 1118 ώς
685 1054 942 1133 μεγαλοφρόνως
959 1056 1179 1134 χαριζόμενος,
1201 1057 1255 1135 ἐμὲ
1271 1059 1306 1121 δὲ
1322 1057 1457 1122 ἐπαίνου
1473 1058 1554 1122 ἀπο-

410 1161 526 1236 ςτερεῖς
547 1156 740 1239 ,προςίεςθαι
774 1157 967 1236 βιαζόμενος.
999 1158 1165 1236 Δόξαιμι
1182 1156 1244 1236 γὰρ
1275 1159 1351 1243 ἀνί2
1378 1161 1429 1223 καὶ
1457 1160 1555 1225 αὐτὸς

408 1259 626 1339 μεγαλόφρων
648 1258 693 1321 τά
710 1260 881 1336 τηλικαῦτα
903 1260 944 1337 μὴ
968 1260 1174 1339 προιέμενος.
1213 1262 1262 1325 Ἐν
1286 1263 1322 1324 δὲ
1344 1266 1411 1324 τοῖς
1434 1265 1555 1340 μικροῖς

377 1404 380 1410 ·
408 1365 474 1450 τών
498 1361 615 1438 δώρων
631 1359 722 1423 ίςος3
743 1359 886 1441 ἔπαινος,
911 1365 956 1443 τῷ
972 1362 1029 1439 μὲν
1053 1362 1213 1440 πέμψαντι
1236 1361 1285 1425 ότι
1307 1363 1367 1426 οὐκ
1389 1364 1554 1441 ἠμέληςεν,
1597 1400 1599 1404 -

408 1470 454 1547 τῷ
477 1465 513 1526 δὲ
536 1462 665 1543 λαβόντι
689 1461 737 1524 ότι
760 1461 820 1541 οὐχ
843 1461 1099 1542 ὑπερηφάνηςεν.
1143 1465 1304 1528 Ματεῦςαι
1318 1515 1345 1527 ..
1369 1467 1408 1543 μὴ
1433 1467 1553 1543 χρώμε-

407 1586 466 1628 νος
496 1616 501 1627 .
532 1615 538 1626 .
568 1614 574 1627 .
604 1565 655 1627 καὶ
683 1569 870 1644 ςταιιρωτοῦ
898 1565 935 1628 τὸ
964 1569 1073 1642 δῶρον
1102 1565 1181 1643 ἐμοῦ
1210 1567 1398 1645 πέμψαντος
1426 1567 1486 1630 οὐκ
1514 1567 1554 1631 άν

401 1667 521 1746 έλαβες
544 1717 549 1729 .
574 1717 580 1729 .
604 1687 692 1744 παρα
774 1667 980 1746 πεμφθέντας
1002 1671 1118 1731 παῖδας
1140 1667 1298 1747 ἡδόμενος
1321 1668 1524 1747 προςέμηνί.
1547 1719 1554 1732 .

409 1818 689 1832 ..........
703 1768 838 1853 -....}⁵
890 1770 1029 1832 Γλαῦκος
1062 1764 1552 1834 πάλαι..“..........“.

409 1920 565 1935 ......
575 1869 600 1954 1⁶
623 1871 741 1950 χρόςεα
763 1875 829 1936 τῶν
852 1871 1009 1949 χαλκείων
1032 1872 1144 1935 καὶτὰ
1167 1861 1356 1953 ἑκατόμβοια
1376 1877 1442 1938 τῶν
1465 1873 1554 1938 έννε-

409 1973 530 2053 αβοίων
554 1973 751 2053 ἀμείβοντος.
795 1973 888 2036 Πάςα
911 1975 967 2052 μὲν
990 1973 1053 2051 γάρ
1076 1973 1197 2052 ἀνάγκη
1220 1975 1277 2039 τόν
1301 1973 1512 2055 ἀμειβόμενον
1535 1976 1554 2053 ἢ

409 2076 493 2138 πολὺ
517 2076 659 2139 πλέονος
687 2073 757 2140 ἀξια
785 2075 993 2152 ἀναπέμπειν
1017 2077 1067 2139 καί
1090 2076 1218 2159 Ὁμήρῳ
1241 2076 1373 2154 μάρτυρι
1396 2077 1453 2141 τὰς
1476 2077 1554 2157 φρέ-

409 2198 468 2242 νας
490 2180 597 2240 δοκεῖν
621 2177 686 2239 ὑπὸ
708 2180 768 2241 τοῦ
784 2177 866 2240 Διὸς
889 2177 1082 2258 βεβλάφθαι,
1105 2177 1198 2255 ἢτάί
1213 2178 1291 2254 μείω
1315 2178 1555 2255 ἀντιπέμποντα

325 2348 337 2356 ,
409 2281 449 2358 μὴ
479 2279 581 2342 δίκαια
610 2281 724 2343 ποιεῖν.
769 2278 886 2356 Τρίτον
918 2280 953 2342 δὲ
981 2279 1030 2341 καὶ
1058 2270 1309 2345 δικαιότατονχόι
1331 2280 1486 2358 πέμπεται
1507 2284 1554 2362 τῷ

410 2380 497 2466 αὐτῷ
526 2382 630 2465 μέτρῳ
659 2380 739 2444 κατά
767 2401 803 2457 γε
824 2380 991 2445 Ἡςίοδονὸ
1018 2380 1136 2459 δώροις
1163 2381 1356 2461 ἀμείβεςθαι.·
1392 2381 1497 2445 Τοῦτο
1519 2382 1555 2444 δὲ

410 2484 429 2548 ὁ
452 2488 557 2548 ποιῶν
581 2483 772 2562 ὁμοιότατος
795 2482 834 2547 ἂν
858 2481 924 2561 εἴη9
949 2482 1018 2560 ἐμοὶ
1040 2489 1086 2566 τῷ
1109 2482 1191 2547 αὐτὰ
1213 2485 1251 2562 δὴ
1274 2483 1314 2546 τὰ
1324 2482 1347 2522 ¹⁰
1368 2483 1558 2562 πεμφθέντα

410 2585 644 2664 ἀποπέμποντι.
689 2583 788 2651 Ἀλλὰ
815 2587 915 2648 ταῦτα
943 2586 999 2663 μὲν
1023 2584 1110 2668 φίλιμ
1133 2586 1215 2663 πρὸς
1236 2585 1295 2650 τὸν
1320 2584 1478 2664 φίλτατον
1499 2605 1554 2648 πε-

410 2688 543 2766 παίχθω.
566 2687 709 2765 Ἔρρωςο
722 2687 757 2749 δὲ
773 2688 819 2767 ςύ,
843 2691 940 2750 τοῦτο
957 2687 1006 2750 καὶ
1022 2687 1230 2764 λογιζόμενος
1246 2685 1294 2750 ὅτι
1310 2687 1435 2751 πλέονα
1450 2690 1554 2751 τώνδε

412 2789 525 2855 ἑκατόν
549 2789 646 2853 αὐτὸς
669 2784 859 2867 παρέξειςΗ.

497 3050 509 3096 1
530 3042 648 3110 Supplet
665 3040 820 3105 Iacobsius,
833 3056 1008 3107 quamquam
1026 3056 1082 3092 non
1101 3042 1144 3093 esi
1161 3041 1261 3094 lacuna
1277 3039 1307 3092 in
1325 3039 1433 3094 Codice.

496 3134 511 3180 2
529 3124 631 3194 Incipit
652 3124 718 3178 Cod.
737 3143 764 3192 p.
786 3128 842 3178 152.

496 3219 512 3266 3
531 3210 597 3265 Cod.
617 3210 754 3263 incertum
772 3227 808 3263 an
825 3210 915 3264 τόςοε.

495 3295 750 3365 4Repraeseniavi
767 3294 917 3348 lectionem
933 3293 1008 3348 Maii.
1045 3294 1188 3348 Iaeobsius
1212 3293 1320 3347 scribit:
1351 3296 1423 3348 ἀλλὰ
1442 3295 1555 3348 παυςαί-

413 3401 467 3450 μην
486 3383 521 3435 ἂν
540 3384 581 3434 ςοὶ
601 3381 718 3447 μάρτυρι
736 3382 895 3447 χρώμενος·
915 3382 960 3432 καί
979 3368 1010 3433 εὖ
1029 3381 1083 3446 γάρ
1096 3385 1215 3434 τοςοθτο
1228 3382 1322 3446 δώρον
1341 3380 1409 3445 ἐμοῦ
1429 3381 1556 3446 πέμψαν-

411 3485 460 3522 τος
484 3468 536 3520 eei.
573 3465 685 3518 Amicus
707 3464 789 3517 vidit:
820 3481 1008 3531 ματενςαιμην
1031 3466 1212 3518 δανεικοντας
1234 3480 1496 3531 νωητιωχρωμενοε
1516 3481 1555 3517 ως

412 3570 457 3606 και
468 3592 601 3605 ........
613 3566 680 3602 ςταυ
692 3590 697 3601 .
711 3566 814 3602 οτουτο
827 3551 920 3615 δώρον
933 3550 1001 3614 ἐμοῦ
1015 3550 1181 3614 πέμψαντος
1194 3549 1246 3601 οὐκ
1259 3550 1294 3601 ἂν
1304 3551 1401 3614 ἔλαβες
1409 3565 1449 3612 4π.
1462 3590 1467 3600 .
1480 3565 1555 3615 παρα

414 3678 530 3690 .......
550 3635 731 3700 πεμφθέντα(
754 3635 854 3687 παῖδας
872 3636 1010 3700 ἡδόμενος
1029 3635 1188 3701 προςὴκων.
1222 3632 1357 3687 Coniieio:
1383 3633 1555 3686 Νεανιευςαί-

414 3740 470 3789 μην
489 3722 518 3773 δ’
537 3721 571 3772 ἂν
591 3718 678 3773 εἰκόνι
697 3718 811 3785 ἐναντίᾳ
835 3720 980 3784 χρώμενος
1004 3721 1044 3772 dic
1063 3722 1108 3772 καί
1131 3720 1191 3784 ἐμοὶ
1210 3720 1304 3773 δοκεῖν
1327 3719 1359 3771 ςὺ
1378 3718 1449 3770 αὐτὸ
1463 3722 1556 3774 ,τοῦτο
1589 3726 1593 3734 “

412 3809 506 3873 δῶρον
525 3806 593 3869 ἐμοῦ
612 3805 778 3869 πέμψαντος
797 3804 850 3856 οὐκ
868 3805 902 3856 ἂν
920 3806 1031 3872 ἔλαβες,
1050 3809 1113 3857 πώς
1131 3805 1207 3870 παρὰ
1223 3807 1272 3857 ςοθ
1291 3804 1358 3856 τοὺς
1376 3804 1556 3868 πεμφθέντας

335 3912 339 3915 ·
413 3892 513 3943 παῖδας
537 3890 675 3954 ἡδόμενος
699 3887 853 3960 προςείμην
877 3890 923 3952 ἄν;
948 3888 1062 3940 suntin
1084 3887 1128 3941 his
1152 3887 1291 3963 quaedam
1312 3885 1453 3941 nonsatis
1472 3889 1556 3953 aeda,

412 3974 461 4028 sed
478 3972 597 4051 intelligi
613 3989 687 4025 nune
703 3971 810 4040 poterii
828 3971 894 4037 quid
911 3971 1015 4025 Fronto
1034 3971 1141 4027 dixerit.
1197 4027 1202 4031 ,

499 4064 514 4111 ό
531 4057 644 4111 Lacuna
662 4056 779 4110 duorum
796 4073 934 4110 versuum.

498 4147 513 4195 θ
531 4142 643 4194 Lacuna
660 4158 798 4195 versuum·
808 4141 923 4208 sepiem.

499 4225 693 4279 700dex21e.
730 4224 832 4278 Omisit
848 4225 944 4278 Maius.
1100 4289 1107 4294 ⁸

498 4318 514 4364 8
531 4310 627 4364 Verba
645 4310 710 4363 suni
726 4309 754 4361 in
774 4309 875 4364 Codice
894 4309 1020 4364 evanida.
1057 4309 1128 4362 Dedi
1147 4310 1335 4363 coniecturam
1353 4308 1479 4362 Iacobsii.
1504 4308 1556 4360 Mi-

412 4397 490 4450 rifica
508 4396 573 4448 suni
590 4411 661 4462 quae
673 4393 761 4447 Maius
779 4394 860 4462 legii:
877 4391 921 4461 ’τώ
939 4396 1019 4462 αὐτῷ
1039 4397 1121 4462 μικρὰ
1139 4398 1184 4448 καί
1202 4396 1270 4447 τότε
1282 4393 1350 4446 ίςοις
1363 4393 1464 4459 δώροις
1482 4393 1557 4459 ἀμεί-

415 4486 515 4547 βεςθαι.
1472 4480 1481 4494 “

498 4571 513 4618 9
533 4563 578 4618 Sie
596 4563 722 4632 supplevi
739 4580 855 4632 parvam
872 4563 1008 4618 lacunam.

482 4656 514 4704 10
532 4649 593 4702 Οαι.
612 4647 709 4702 Maius.
974 4694 979 4698 .

484 4741 512 4786 11
533 4731 660 4787 Tandem
676 4733 746 4787 haec
765 4732 907 4802 exsculpsi,
926 4750 997 4803 quae
1010 4731 1079 4787 mihi
1091 4734 1124 4789 ut
1134 4731 1164 4789 in
1175 4732 1306 4791 lacunoso
1319 4733 1381 4787 loco
1393 4731 1461 4790 satis
1480 4733 1557 4791 certa
