<?xml version="1.0" encoding="UTF-8"?>
<!DOCTYPE html PUBLIC "-//W3C//DTD XHTML 1.0 Transitional//EN"
    "http://www.w3.org/TR/xhtml1/DTD/xhtml1-transitional.dtd">
<html xmlns="http://www.w3.org/1999/xhtml" xml:lang="en" lang="en">
 <head>
  <title>
</title>
<meta http-equiv="Content-Type" content="text/html;charset=utf-8" />
  <meta name='ocr-system' content='tesseract 3.04.00' />
  <meta name='ocr-capabilities' content='ocr_page ocr_carea ocr_par ocr_line ocrx_word'/>
</head>
<body>
  <div class='ocr_page' id='page_1' title='image "./mcorneliifronto02frongoog_0251.png"; bbox 0 0 4142 5659; ppageno 0'>
   <div class='ocr_carea' id='block_1_1' title="bbox 817 684 1591 753">
    <p class='ocr_par' dir='ltr' id='par_1_1' title="bbox 817 684 1591 753">
     <span class='ocr_line' id='line_1_1' title="bbox 817 684 1591 753; baseline 0.022 -16"><span class='ocrx_word' id='word_1_1' title='bbox 817 684 1000 738; x_wconf 84' lang='lat' dir='ltr'>PRINCIPIA</span> <span class='ocrx_word' id='word_1_2' title='bbox 1019 684 1224 739; x_wconf 81' lang='lat' dir='ltr'>HISTORIAE.</span> <span class='ocrx_word' id='word_1_3' title='bbox 1528 691 1591 753; x_wconf 68' lang='lat'>909</span> 
     </span>
    </p>
   </div>
   <div class='ocr_carea' id='block_1_2' title="bbox 372 855 1638 2965">
    <p class='ocr_par' dir='ltr' id='par_1_2' title="bbox 440 855 1590 1024">
     <span class='ocr_line' id='line_1_2' title="bbox 440 855 1590 939; baseline 0.002 -20"><span class='ocrx_word' id='word_1_4' title='bbox 440 857 604 939; x_wconf 85' lang='lat' dir='ltr'>iectant¹‚</span> <span class='ocrx_word' id='word_1_5' title='bbox 643 876 719 918; x_wconf 91' lang='lat' dir='ltr'>nam</span> <span class='ocrx_word' id='word_1_6' title='bbox 752 876 847 937; x_wconf 82' lang='lat' dir='ltr'>saepe</span> <span class='ocrx_word' id='word_1_7' title='bbox 881 855 1074 919; x_wconf 76' lang='lat' dir='ltr'><strong>Parthorum</strong></span> <span class='ocrx_word' id='word_1_8' title='bbox 1103 856 1228 939; x_wconf 88' lang='lat' dir='ltr'>legatos</span> <span class='ocrx_word' id='word_1_9' title='bbox 1262 877 1375 938; x_wconf 86' lang='lat' dir='ltr'>pacem</span> <span class='ocrx_word' id='word_1_10' title='bbox 1407 860 1590 939; x_wconf 86' lang='lat' dir='ltr'>precanteis</span> 
     </span>
     <span class='ocr_line' id='line_1_3' title="bbox 441 956 786 1024; baseline 0 -5"><span class='ocrx_word' id='word_1_11' title='bbox 441 956 620 1020; x_wconf 84' lang='lat' dir='ltr'>dismisisse</span> <span class='ocrx_word' id='word_1_12' title='bbox 642 957 786 1024; x_wconf 52' lang='lat' dir='ltr'>inritos&amp;</span> 
     </span>
    </p>

    <p class='ocr_par' dir='ltr' id='par_1_3' title="bbox 372 1058 1638 2034">
     <span class='ocr_line' id='line_1_4' title="bbox 527 1058 1589 1142; baseline 0.003 -21"><span class='ocrx_word' id='word_1_13' title='bbox 527 1058 677 1122; x_wconf 88' lang='lat' dir='ltr'>Iustitiae</span> <span class='ocrx_word' id='word_1_14' title='bbox 700 1080 823 1142; x_wconf 91' lang='lat' dir='ltr'>quoque</span> <span class='ocrx_word' id='word_1_15' title='bbox 846 1062 877 1122; x_wconf 92' lang='lat' dir='ltr'>et</span> <span class='ocrx_word' id='word_1_16' title='bbox 901 1059 1089 1122; x_wconf 85' lang='lat' dir='ltr'>elementiae</span> <span class='ocrx_word' id='word_1_17' title='bbox 1104 1059 1191 1121; x_wconf 90' lang='lat' dir='ltr'>fama</span> <span class='ocrx_word' id='word_1_18' title='bbox 1207 1058 1292 1142; x_wconf 89' lang='lat' dir='ltr'>apud</span> <span class='ocrx_word' id='word_1_19' title='bbox 1306 1060 1460 1124; x_wconf 89' lang='lat' dir='ltr'>barbaros</span> <span class='ocrx_word' id='word_1_20' title='bbox 1476 1065 1589 1124; x_wconf 87' lang='lat' dir='ltr'>sancta</span> 
     </span>
     <span class='ocr_line' id='line_1_5' title="bbox 441 1154 1589 1246; baseline 0.003 -25"><span class='ocrx_word' id='word_1_21' title='bbox 441 1158 483 1222; x_wconf 94' lang='lat' dir='ltr'>de</span> <span class='ocrx_word' id='word_1_22' title='bbox 505 1159 619 1224; x_wconf 87' lang='lat' dir='ltr'>Lucio:</span> <span class='ocrx_word' id='word_1_23' title='bbox 643 1160 802 1224; x_wconf 80' lang='lat' dir='ltr'>Traianus</span> <span class='ocrx_word' id='word_1_24' title='bbox 830 1182 896 1223; x_wconf 93' lang='lat' dir='ltr'>non</span> <span class='ocrx_word' id='word_1_25' title='bbox 925 1161 1073 1223; x_wconf 90' lang='lat' dir='ltr'>omnibus</span> <span class='ocrx_word' id='word_1_26' title='bbox 1099 1182 1198 1243; x_wconf 89' lang='lat' dir='ltr'>aeque</span> <span class='ocrx_word' id='word_1_27' title='bbox 1226 1165 1393 1245; x_wconf 78' lang='lat' dir='ltr'>purgatus</span> <span class='ocrx_word' id='word_1_28' title='bbox 1421 1154 1430 1163; x_wconf 42' lang='lat'>&#39;⁴</span> <span class='ocrx_word' id='word_1_29' title='bbox 1439 1161 1589 1246; x_wconf 87' lang='lat' dir='ltr'>Regnum</span> 
     </span>
     <span class='ocr_line' id='line_1_6' title="bbox 440 1261 1588 1346; baseline 0.003 -24"><span class='ocrx_word' id='word_1_30' title='bbox 440 1261 653 1344; x_wconf 83' lang='lat' dir='ltr'>fortunasque</span> <span class='ocrx_word' id='word_1_31' title='bbox 676 1284 749 1345; x_wconf 86' lang='lat' dir='ltr'>suas</span> <span class='ocrx_word' id='word_1_32' title='bbox 771 1263 806 1324; x_wconf 92' lang='lat' dir='ltr'>in</span> <span class='ocrx_word' id='word_1_33' title='bbox 829 1262 924 1324; x_wconf 91' lang='lat' dir='ltr'>fidem</span> <span class='ocrx_word' id='word_1_34' title='bbox 947 1261 1024 1325; x_wconf 83' lang='lat' dir='ltr'>Luci</span> <span class='ocrx_word' id='word_1_35' title='bbox 1041 1261 1213 1325; x_wconf 74' lang='lat' dir='ltr'>contulisse</span> <span class='ocrx_word' id='word_1_36' title='bbox 1228 1263 1390 1325; x_wconf 88' lang='lat' dir='ltr'>neminem</span> <span class='ocrx_word' id='word_1_37' title='bbox 1411 1264 1588 1346; x_wconf 90' lang='lat' dir='ltr'>paenituit:</span> 
     </span>
     <span class='ocr_line' id='line_1_7' title="bbox 441 1342 1588 1447; baseline 0.004 -24"><span class='ocrx_word' id='word_1_38' title='bbox 441 1342 584 1424; x_wconf 73' lang='lat' dir='ltr'>Traiano</span> <span class='ocrx_word' id='word_1_39' title='bbox 613 1364 725 1426; x_wconf 87' lang='lat' dir='ltr'>caedes</span> <span class='ocrx_word' id='word_1_40' title='bbox 753 1362 985 1426; x_wconf 73' lang='lat' dir='ltr'>Parthamasiri</span> <span class='ocrx_word' id='word_1_41' title='bbox 1022 1364 1121 1447; x_wconf 65' lang='lat' dir='ltr'>regis&gt;</span> <span class='ocrx_word' id='word_1_42' title='bbox 1136 1363 1290 1446; x_wconf 86' lang='lat' dir='ltr'>suplicis³</span> <span class='ocrx_word' id='word_1_43' title='bbox 1317 1363 1403 1427; x_wconf 89' lang='lat' dir='ltr'>hand</span> <span class='ocrx_word' id='word_1_44' title='bbox 1430 1366 1508 1428; x_wconf 90' lang='lat' dir='ltr'>satis</span> <span class='ocrx_word' id='word_1_45' title='bbox 1537 1387 1588 1428; x_wconf 88' lang='lat' dir='ltr'>ex-</span> 
     </span>
     <span class='ocr_line' id='line_1_8' title="bbox 443 1448 1589 1548; baseline 0.003 -24"><span class='ocrx_word' id='word_1_46' title='bbox 443 1466 565 1525; x_wconf 88' lang='lat' dir='ltr'>cusata.</span> <span class='ocrx_word' id='word_1_47' title='bbox 612 1448 774 1526; x_wconf 73' lang='lat' dir='ltr'>Tametsi⁴</span> <span class='ocrx_word' id='word_1_48' title='bbox 803 1464 887 1527; x_wconf 88' lang='lat' dir='ltr'>ultro</span> <span class='ocrx_word' id='word_1_49' title='bbox 910 1464 963 1527; x_wconf 92' lang='lat' dir='ltr'>ille</span> <span class='ocrx_word' id='word_1_50' title='bbox 986 1465 1051 1527; x_wconf 86' lang='lat' dir='ltr'>vim</span> <span class='ocrx_word' id='word_1_51' title='bbox 1075 1468 1227 1548; x_wconf 88' lang='lat' dir='ltr'>coeptans</span> <span class='ocrx_word' id='word_1_52' title='bbox 1254 1465 1394 1528; x_wconf 88' lang='lat' dir='ltr'>tumultu</span> <span class='ocrx_word' id='word_1_53' title='bbox 1427 1469 1497 1528; x_wconf 92' lang='lat' dir='ltr'>orto</span> <span class='ocrx_word' id='word_1_54' title='bbox 1525 1488 1589 1528; x_wconf 91' lang='lat' dir='ltr'>me·</span> 
     </span>
     <span class='ocr_line' id='line_1_9' title="bbox 441 1564 1590 1651; baseline 0.004 -26"><span class='ocrx_word' id='word_1_55' title='bbox 441 1564 506 1626; x_wconf 90' lang='lat' dir='ltr'>rito</span> <span class='ocrx_word' id='word_1_56' title='bbox 529 1565 720 1628; x_wconf 84' lang='lat' dir='ltr'>interfectus</span> <span class='ocrx_word' id='word_1_57' title='bbox 744 1569 802 1648; x_wconf 83' lang='lat' dir='ltr'>est,</span> <span class='ocrx_word' id='word_1_58' title='bbox 826 1565 957 1629; x_wconf 88' lang='lat' dir='ltr'>meliore</span> <span class='ocrx_word' id='word_1_59' title='bbox 979 1569 1089 1629; x_wconf 91' lang='lat' dir='ltr'>tamen</span> <span class='ocrx_word' id='word_1_60' title='bbox 1110 1565 1326 1628; x_wconf 81' lang='lat' dir='ltr'>Romanorum</span> <span class='ocrx_word' id='word_1_61' title='bbox 1350 1566 1438 1629; x_wconf 86' lang='lat' dir='ltr'>fama</span> <span class='ocrx_word' id='word_1_62' title='bbox 1459 1569 1590 1651; x_wconf 87' lang='lat' dir='ltr'>impune</span> 
     </span>
     <span class='ocr_line' id='line_1_10' title="bbox 442 1666 1589 1751; baseline 0.003 -25"><span class='ocrx_word' id='word_1_63' title='bbox 442 1666 578 1748; x_wconf 83' lang='lat' dir='ltr'>supplex</span> <span class='ocrx_word' id='word_1_64' title='bbox 601 1667 721 1729; x_wconf 85' lang='lat' dir='ltr'>abisset</span> <span class='ocrx_word' id='word_1_65' title='bbox 743 1689 837 1751; x_wconf 90' lang='lat' dir='ltr'>quam</span> <span class='ocrx_word' id='word_1_66' title='bbox 863 1667 932 1729; x_wconf 91' lang='lat' dir='ltr'>iure</span> <span class='ocrx_word' id='word_1_67' title='bbox 953 1667 1145 1750; x_wconf 85' lang='lat' dir='ltr'>supplicium</span> <span class='ocrx_word' id='word_1_68' title='bbox 1166 1667 1293 1750; x_wconf 80' lang='lat' dir='ltr'>luisset,</span> <span class='ocrx_word' id='word_1_69' title='bbox 1317 1690 1454 1751; x_wconf 85' lang='lat' dir='ltr'>namque</span> <span class='ocrx_word' id='word_1_70' title='bbox 1475 1669 1589 1731; x_wconf 88' lang='lat' dir='ltr'>talium</span> 
     </span>
     <span class='ocr_line' id='line_1_11' title="bbox 372 1767 1638 1856; baseline 0.004 -28"><span class='ocrx_word' id='word_1_71' title='bbox 372 1796 397 1822; x_wconf 62' lang='lat' dir='ltr'>m·</span> <span class='ocrx_word' id='word_1_72' title='bbox 417 1848 421 1856; x_wconf 92' lang='lat'>.</span> <span class='ocrx_word' id='word_1_73' title='bbox 441 1767 623 1829; x_wconf 82' lang='lat' dir='ltr'>facinorum</span> <span class='ocrx_word' id='word_1_74' title='bbox 647 1790 743 1830; x_wconf 89' lang='lat' dir='ltr'>causa</span> <span class='ocrx_word' id='word_1_75' title='bbox 763 1768 843 1831; x_wconf 88' lang='lat' dir='ltr'>facti</span> <span class='ocrx_word' id='word_1_76' title='bbox 866 1768 962 1851; x_wconf 79' lang='lat' dir='ltr'>latet,</span> <span class='ocrx_word' id='word_1_77' title='bbox 986 1768 1110 1832; x_wconf 86' lang='lat' dir='ltr'>factum</span> <span class='ocrx_word' id='word_1_78' title='bbox 1133 1772 1298 1851; x_wconf 87' lang='lat' dir='ltr'>spectatur</span> <span class='ocrx_word' id='word_1_79' title='bbox 1319 1768 1477 1853; x_wconf 85' lang='lat' dir='ltr'>longeque</span> <span class='ocrx_word' id='word_1_80' title='bbox 1499 1792 1589 1853; x_wconf 87' lang='lat' dir='ltr'>prae·</span> <span class='ocrx_word' id='word_1_81' title='bbox 1635 1775 1638 1780; x_wconf 82' lang='grc'><strong>’</strong></span> 
     </span>
     <span class='ocr_line' id='line_1_12' title="bbox 442 1869 1588 1954; baseline 0.003 -24"><span class='ocrx_word' id='word_1_82' title='bbox 442 1870 508 1930; x_wconf 90' lang='lat' dir='ltr'>stat</span> <span class='ocrx_word' id='word_1_83' title='bbox 537 1869 677 1932; x_wconf 89' lang='lat' dir='ltr'>secundo</span> <span class='ocrx_word' id='word_1_84' title='bbox 705 1870 852 1953; x_wconf 90' lang='lat' dir='ltr'>gentium</span> <span class='ocrx_word' id='word_1_85' title='bbox 880 1891 1006 1933; x_wconf 90' lang='lat' dir='ltr'>rumore</span> <span class='ocrx_word' id='word_1_86' title='bbox 1034 1870 1186 1932; x_wconf 88' lang='lat' dir='ltr'>iniuriam</span> <span class='ocrx_word' id='word_1_87' title='bbox 1214 1870 1388 1954; x_wconf 81' lang='lat' dir='ltr'>neglegere</span> <span class='ocrx_word' id='word_1_88' title='bbox 1417 1892 1513 1954; x_wconf 90' lang='lat' dir='ltr'>quam</span> <span class='ocrx_word' id='word_1_89' title='bbox 1536 1872 1588 1933; x_wconf 89' lang='lat' dir='ltr'>ad-</span> 
     </span>
     <span class='ocr_line' id='line_1_13' title="bbox 443 1970 751 2034; baseline 0.01 -3"><span class='ocrx_word' id='word_1_90' title='bbox 443 1990 535 2033; x_wconf 86' lang='lat' dir='ltr'>verso</span> <span class='ocrx_word' id='word_1_91' title='bbox 557 1970 751 2034; x_wconf 53' lang='lat' dir='ltr'>vindicares.</span> 
     </span>
    </p>

    <p class='ocr_par' dir='ltr' id='par_1_4' title="bbox 439 2070 1589 2965">
     <span class='ocr_line' id='line_1_14' title="bbox 528 2070 1589 2155; baseline 0.002 -23"><span class='ocrx_word' id='word_1_92' title='bbox 528 2070 619 2134; x_wconf 84' lang='lat' dir='ltr'>Bello</span> <span class='ocrx_word' id='word_1_93' title='bbox 652 2071 805 2136; x_wconf 89' lang='lat' dir='ltr'>Parthico</span> <span class='ocrx_word' id='word_1_94' title='bbox 837 2075 971 2155; x_wconf 88' lang='lat' dir='ltr'>utroque</span> <span class='ocrx_word' id='word_1_95' title='bbox 1009 2072 1192 2136; x_wconf 87' lang='lat' dir='ltr'>consulares</span> <span class='ocrx_word' id='word_1_96' title='bbox 1227 2073 1288 2135; x_wconf 86' lang='lat' dir='ltr'>viri</span> <span class='ocrx_word' id='word_1_97' title='bbox 1320 2074 1381 2136; x_wconf 93' lang='lat' dir='ltr'>duo</span> <span class='ocrx_word' id='word_1_98' title='bbox 1414 2074 1589 2136; x_wconf 87' lang='lat' dir='ltr'>exercitum</span> 
     </span>
     <span class='ocr_line' id='line_1_15' title="bbox 442 2171 1588 2256; baseline 0.001 -22"><span class='ocrx_word' id='word_1_99' title='bbox 442 2171 571 2254; x_wconf 89' lang='lat' dir='ltr'>utrique</span> <span class='ocrx_word' id='word_1_100' title='bbox 599 2173 752 2236; x_wconf 91' lang='lat' dir='ltr'>ducentes</span> <span class='ocrx_word' id='word_1_101' title='bbox 775 2174 976 2237; x_wconf 86' lang='lat' dir='ltr'>obtruncati:</span> <span class='ocrx_word' id='word_1_102' title='bbox 1011 2173 1221 2237; x_wconf 54' lang='lat' dir='ltr'>Severianum</span> <span class='ocrx_word' id='word_1_103' title='bbox 1254 2174 1392 2256; x_wconf 81' lang='lat' dir='ltr'>quidem,</span> <span class='ocrx_word' id='word_1_104' title='bbox 1421 2174 1588 2236; x_wconf 78' lang='lat' dir='ltr'>Lucioab</span> 
     </span>
     <span class='ocr_line' id='line_1_16' title="bbox 441 2272 1587 2358; baseline 0 -24"><span class='ocrx_word' id='word_1_105' title='bbox 441 2273 519 2336; x_wconf 88' lang='lat' dir='ltr'>urbe</span> <span class='ocrx_word' id='word_1_106' title='bbox 545 2272 715 2356; x_wconf 69' lang='lat' dir='ltr'>lssnecdnm</span> <span class='ocrx_word' id='word_1_107' title='bbox 744 2275 840 2337; x_wconf 90' lang='lat' dir='ltr'>etiam</span> <span class='ocrx_word' id='word_1_108' title='bbox 868 2277 938 2337; x_wconf 89' lang='lat' dir='ltr'>tum</span> <span class='ocrx_word' id='word_1_109' title='bbox 965 2276 1127 2358; x_wconf 71' lang='lat' dir='ltr'>profecto,</span> <span class='ocrx_word' id='word_1_110' title='bbox 1156 2275 1317 2337; x_wconf 90' lang='lat' dir='ltr'>enimvero</span> <span class='ocrx_word' id='word_1_111' title='bbox 1342 2297 1414 2337; x_wconf 91' lang='lat' dir='ltr'>cum</span> <span class='ocrx_word' id='word_1_112' title='bbox 1435 2295 1587 2357; x_wconf 85' lang='lat' dir='ltr'>praesens</span> 
     </span>
     <span class='ocr_line' id='line_1_17' title="bbox 440 2374 1587 2459; baseline 0 -23"><span class='ocrx_word' id='word_1_113' title='bbox 440 2374 599 2436; x_wconf 83' lang='lat' dir='ltr'>Traianus</span> <span class='ocrx_word' id='word_1_114' title='bbox 633 2374 794 2457; x_wconf 79' lang='lat' dir='ltr'>Euphrati</span> <span class='ocrx_word' id='word_1_115' title='bbox 817 2379 849 2438; x_wconf 91' lang='lat' dir='ltr'>et</span> <span class='ocrx_word' id='word_1_116' title='bbox 876 2376 1016 2459; x_wconf 84' lang='lat' dir='ltr'>Tigridis</span> <span class='ocrx_word' id='word_1_117' title='bbox 1043 2376 1186 2458; x_wconf 85' lang='lat' dir='ltr'>portoria</span> <span class='ocrx_word' id='word_1_118' title='bbox 1214 2397 1365 2458; x_wconf 89' lang='lat' dir='ltr'>equorum</span> <span class='ocrx_word' id='word_1_119' title='bbox 1393 2377 1425 2439; x_wconf 91' lang='lat' dir='ltr'>et</span> <span class='ocrx_word' id='word_1_120' title='bbox 1452 2375 1587 2437; x_wconf 87' lang='lat' dir='ltr'>camelo-</span> 
     </span>
     <span class='ocr_line' id='line_1_18' title="bbox 440 2473 1587 2564; baseline 0.001 -27"><span class='ocrx_word' id='word_1_121' title='bbox 440 2497 511 2538; x_wconf 87' lang='lat' dir='ltr'>rum</span> <span class='ocrx_word' id='word_1_122' title='bbox 538 2473 676 2561; x_wconf 88' lang='lat' dir='ltr'>trib[uta</span> <span class='ocrx_word' id='word_1_123' title='bbox 698 2475 807 2564; x_wconf 79' lang='lat' dir='ltr'>onera]</span> <span class='ocrx_word' id='word_1_124' title='bbox 834 2526 841 2539; x_wconf 92' lang='lat'>.</span> <span class='ocrx_word' id='word_1_125' title='bbox 867 2479 895 2540; x_wconf 85' lang='lat'>.⁷</span> <span class='ocrx_word' id='word_1_126' title='bbox 925 2499 978 2541; x_wconf 89' lang='lat' dir='ltr'>cer</span> <span class='ocrx_word' id='word_1_127' title='bbox 1007 2499 1117 2540; x_wconf 89' lang='lat' dir='ltr'>caesus</span> <span class='ocrx_word' id='word_1_128' title='bbox 1146 2480 1206 2540; x_wconf 90' lang='lat' dir='ltr'>est.</span> <span class='ocrx_word' id='word_1_129' title='bbox 1250 2477 1334 2539; x_wconf 92' lang='lat' dir='ltr'>Illud</span> <span class='ocrx_word' id='word_1_130' title='bbox 1362 2474 1484 2562; x_wconf 80' lang='lat' dir='ltr'>eti[am]</span> <span class='ocrx_word' id='word_1_131' title='bbox 1509 2498 1587 2540; x_wconf 76' lang='lat' dir='ltr'>corrr-</span> 
     </span>
     <span class='ocr_line' id='line_1_19' title="bbox 439 2576 1587 2655; baseline -0.002 -15"><span class='ocrx_word' id='word_1_132' title='bbox 439 2599 529 2640; x_wconf 83' lang='lat' dir='ltr'>mune</span> <span class='ocrx_word' id='word_1_133' title='bbox 551 2579 686 2655; x_wconf 79' lang='lat' dir='ltr'>utrisque</span> <span class='ocrx_word' id='word_1_134' title='bbox 711 2590 755 2641; x_wconf 78' lang='lat' dir='ltr'>est</span> <span class='ocrx_word' id='word_1_135' title='bbox 777 2585 849 2642; x_wconf 77' lang='lat' dir='ltr'>aaa</span> <span class='ocrx_word' id='word_1_136' title='bbox 872 2579 1004 2642; x_wconf 85' lang='lat' dir='ltr'>datumb</span> <span class='ocrx_word' id='word_1_137' title='bbox 1034 2578 1206 2641; x_wconf 71' lang='lat' dir='ltr'>histriones</span> <span class='ocrx_word' id='word_1_138' title='bbox 1236 2600 1274 2640; x_wconf 89' lang='lat' dir='ltr'>ex</span> <span class='ocrx_word' id='word_1_139' title='bbox 1296 2578 1375 2640; x_wconf 90' lang='lat' dir='ltr'>urbe</span> <span class='ocrx_word' id='word_1_140' title='bbox 1397 2578 1433 2639; x_wconf 94' lang='lat' dir='ltr'>in</span> <span class='ocrx_word' id='word_1_141' title='bbox 1461 2576 1587 2640; x_wconf 82' lang='lat' dir='ltr'>Suriam</span> 
     </span>
     <span class='ocr_line' id='line_1_20' title="bbox 440 2666 1588 2762; baseline 0 -22"><span class='ocrx_word' id='word_1_142' title='bbox 440 2678 593 2740; x_wconf 58' lang='lat' dir='ltr'>acuisset.</span> <span class='ocrx_word' id='word_1_143' title='bbox 639 2677 702 2742; x_wconf 79' lang='lat' dir='ltr'>Sed</span> <span class='ocrx_word' id='word_1_144' title='bbox 724 2666 869 2762; x_wconf 84' lang='lat' dir='ltr'>profecto</span> <span class='ocrx_word' id='word_1_145' title='bbox 892 2681 980 2744; x_wconf 85' lang='lat' dir='ltr'>sicut</span> <span class='ocrx_word' id='word_1_146' title='bbox 997 2681 1145 2743; x_wconf 89' lang='lat' dir='ltr'>arborum</span> <span class='ocrx_word' id='word_1_147' title='bbox 1169 2679 1341 2742; x_wconf 88' lang='lat' dir='ltr'>altissimas</span> <span class='ocrx_word' id='word_1_148' title='bbox 1367 2678 1588 2742; x_wconf 86' lang='lat' dir='ltr'>vehementius</span> 
     </span>
     <span class='ocr_line' id='line_1_21' title="bbox 439 2770 1586 2864; baseline 0.001 -23"><span class='ocrx_word' id='word_1_149' title='bbox 439 2770 546 2843; x_wconf 83' lang='lat' dir='ltr'>ventis</span> <span class='ocrx_word' id='word_1_150' title='bbox 570 2781 658 2862; x_wconf 88' lang='lat' dir='ltr'>quati</span> <span class='ocrx_word' id='word_1_151' title='bbox 681 2781 835 2864; x_wconf 80' lang='lat' dir='ltr'>videmus,</span> <span class='ocrx_word' id='word_1_152' title='bbox 865 2782 912 2844; x_wconf 90' lang='lat' dir='ltr'>ita</span> <span class='ocrx_word' id='word_1_153' title='bbox 939 2782 1075 2844; x_wconf 83' lang='lat' dir='ltr'>virtutes</span> <span class='ocrx_word' id='word_1_154' title='bbox 1105 2782 1260 2844; x_wconf 88' lang='lat' dir='ltr'>maximas</span> <span class='ocrx_word' id='word_1_155' title='bbox 1289 2781 1411 2843; x_wconf 88' lang='lat' dir='ltr'>invidia</span> <span class='ocrx_word' id='word_1_156' title='bbox 1439 2780 1586 2842; x_wconf 90' lang='lat' dir='ltr'>crimino-</span> 
     </span>
     <span class='ocr_line' id='line_1_22' title="bbox 440 2874 1582 2965; baseline 0 -23"><span class='ocrx_word' id='word_1_157' title='bbox 440 2882 506 2944; x_wconf 89' lang='lat' dir='ltr'>sius</span> <span class='ocrx_word' id='word_1_158' title='bbox 536 2882 755 2946; x_wconf 59' lang='lat' dir='ltr'>insectatum.</span> <span class='ocrx_word' id='word_1_159' title='bbox 801 2874 948 2947; x_wconf 79' lang='lat' dir='ltr'>Ceterum</span> <span class='ocrx_word' id='word_1_160' title='bbox 971 2883 1055 2945; x_wconf 90' lang='lat' dir='ltr'>bello</span> <span class='ocrx_word' id='word_1_161' title='bbox 1078 2905 1120 2945; x_wconf 92' lang='lat' dir='ltr'>an</span> <span class='ocrx_word' id='word_1_162' title='bbox 1130 2884 1154 2921; x_wconf 78' lang='lat'>¹⁰</span> <span class='ocrx_word' id='word_1_163' title='bbox 1177 2904 1256 2965; x_wconf 88' lang='lat' dir='ltr'>paee</span> <span class='ocrx_word' id='word_1_164' title='bbox 1280 2881 1395 2945; x_wconf 89' lang='lat' dir='ltr'>clarior</span> <span class='ocrx_word' id='word_1_165' title='bbox 1423 2881 1582 2943; x_wconf 84' lang='lat' dir='ltr'>Traianus</span> 
     </span>
    </p>
   </div>
   <div class='ocr_carea' id='block_1_3' title="bbox 525 3050 1556 3288">
    <p class='ocr_par' dir='ltr' id='par_1_5' title="bbox 525 3050 1556 3288">
     <span class='ocr_line' id='line_1_23' title="bbox 527 3050 1212 3119; baseline 0 -17"><span class='ocrx_word' id='word_1_166' title='bbox 527 3067 544 3103; x_wconf 89' lang='lat' dir='ltr'>a</span> <span class='ocrx_word' id='word_1_167' title='bbox 563 3055 595 3103; x_wconf 87' lang='lat' dir='ltr'>In</span> <span class='ocrx_word' id='word_1_168' title='bbox 613 3057 740 3119; x_wconf 71' lang='lat' dir='ltr'>margine:</span> <span class='ocrx_word' id='word_1_169' title='bbox 763 3050 891 3119; x_wconf 84' lang='lat' dir='ltr'>Namque</span> <span class='ocrx_word' id='word_1_170' title='bbox 909 3081 977 3089; x_wconf 88' lang='lat'>-—</span> <span class='ocrx_word' id='word_1_171' title='bbox 996 3050 1129 3104; x_wconf 85' lang='lat' dir='ltr'>vindicari</span> <span class='ocrx_word' id='word_1_172' title='bbox 1147 3052 1212 3117; x_wconf 79' lang='lat' dir='ltr'>(sie).</span> 
     </span>
     <span class='ocr_line' id='line_1_24' title="bbox 526 3134 971 3203; baseline 0 -16"><span class='ocrx_word' id='word_1_173' title='bbox 526 3135 543 3186; x_wconf 91' lang='lat' dir='ltr'>b</span> <span class='ocrx_word' id='word_1_174' title='bbox 565 3139 597 3188; x_wconf 86' lang='lat' dir='ltr'>In</span> <span class='ocrx_word' id='word_1_175' title='bbox 614 3142 740 3203; x_wconf 77' lang='lat' dir='ltr'>marpu&#39;ne:</span> <span class='ocrx_word' id='word_1_176' title='bbox 759 3135 831 3188; x_wconf 87' lang='lat' dir='ltr'>Laus</span> <span class='ocrx_word' id='word_1_177' title='bbox 850 3134 971 3188; x_wconf 81' lang='lat' dir='ltr'>Traiani.</span> 
     </span>
     <span class='ocr_line' id='line_1_25' title="bbox 525 3216 1556 3288; baseline -0.004 -17"><span class='ocrx_word' id='word_1_178' title='bbox 525 3223 591 3271; x_wconf 86' lang='lat' dir='ltr'>cln</span> <span class='ocrx_word' id='word_1_179' title='bbox 610 3226 735 3288; x_wconf 74' lang='lat' dir='ltr'>rnnrpr&#39;ne:</span> <span class='ocrx_word' id='word_1_180' title='bbox 754 3219 793 3272; x_wconf 92' lang='lat' dir='ltr'>Ut</span> <span class='ocrx_word' id='word_1_181' title='bbox 810 3219 924 3273; x_wconf 89' lang='lat' dir='ltr'>arbores</span> <span class='ocrx_word' id='word_1_182' title='bbox 944 3220 992 3277; x_wconf 80' lang='lat' dir='ltr'>alt.</span> <span class='ocrx_word' id='word_1_183' title='bbox 1012 3250 1045 3257; x_wconf 91' lang='lat'><em>-</em></span> <span class='ocrx_word' id='word_1_184' title='bbox 1064 3217 1142 3284; x_wconf 91' lang='lat' dir='ltr'>quati</span> <span class='ocrx_word' id='word_1_185' title='bbox 1159 3218 1200 3270; x_wconf 91' lang='lat' dir='ltr'>ita</span> <span class='ocrx_word' id='word_1_186' title='bbox 1217 3216 1334 3269; x_wconf 83' lang='lat' dir='ltr'>virtutes</span> <span class='ocrx_word' id='word_1_187' title='bbox 1353 3247 1419 3254; x_wconf 91' lang='lat'>—-</span> <span class='ocrx_word' id='word_1_188' title='bbox 1438 3216 1556 3268; x_wconf 83' lang='lat' dir='ltr'>incessit.</span> 
     </span>
    </p>
   </div>
   <div class='ocr_carea' id='block_1_4' title="bbox 442 3327 1584 3434">
    <p class='ocr_par' dir='ltr' id='par_1_6' title="bbox 442 3327 1584 3434">
     <span class='ocr_line' id='line_1_26' title="bbox 442 3327 1584 3434; baseline -0.005 -9"><span class='ocrx_word' id='word_1_189' title='bbox 442 3327 499 3332; x_wconf 54' lang='lat' dir='ltr'>m</span> <span class='ocrx_word' id='word_1_190' title='bbox 527 3379 537 3424; x_wconf 92' lang='lat'>1</span> <span class='ocrx_word' id='word_1_191' title='bbox 559 3372 657 3425; x_wconf 84' lang='lat' dir='ltr'>Testes</span> <span class='ocrx_word' id='word_1_192' title='bbox 676 3371 728 3425; x_wconf 90' lang='lat' dir='ltr'>Dio</span> <span class='ocrx_word' id='word_1_193' title='bbox 747 3371 867 3424; x_wconf 88' lang='lat' dir='ltr'>LXVIII.</span> <span class='ocrx_word' id='word_1_194' title='bbox 890 3378 926 3434; x_wconf 49' lang='lat'>17„</span> <span class='ocrx_word' id='word_1_195' title='bbox 944 3372 973 3424; x_wconf 90' lang='lat' dir='ltr'>et</span> <span class='ocrx_word' id='word_1_196' title='bbox 991 3370 1088 3424; x_wconf 88' lang='lat' dir='ltr'>Victor</span> <span class='ocrx_word' id='word_1_197' title='bbox 1105 3368 1226 3423; x_wconf 86' lang='lat' dir='ltr'>XLVIII.</span> <span class='ocrx_word' id='word_1_198' title='bbox 1249 3375 1290 3434; x_wconf 87' lang='lat'>10,</span> <span class='ocrx_word' id='word_1_199' title='bbox 1314 3368 1522 3422; x_wconf 80' lang='lat' dir='ltr'>contradicente</span> <span class='ocrx_word' id='word_1_200' title='bbox 1540 3385 1584 3420; x_wconf 92' lang='lat' dir='ltr'>ne-</span> 
     </span>
    </p>
   </div>
   <div class='ocr_carea' id='block_1_5' title="bbox 439 3449 1684 4777">
    <p class='ocr_par' dir='ltr' id='par_1_7' title="bbox 440 3449 1152 3524">
     <span class='ocr_line' id='line_1_27' title="bbox 440 3449 1152 3524; baseline -0.003 -15"><span class='ocrx_word' id='word_1_201' title='bbox 440 3457 590 3523; x_wconf 87' lang='lat' dir='ltr'>quicquam</span> <span class='ocrx_word' id='word_1_202' title='bbox 608 3456 698 3509; x_wconf 90' lang='lat' dir='ltr'>Plinio</span> <span class='ocrx_word' id='word_1_203' title='bbox 716 3456 820 3524; x_wconf 86' lang='lat' dir='ltr'>Paneg.</span> <span class='ocrx_word' id='word_1_204' title='bbox 841 3473 862 3509; x_wconf 87' lang='lat' dir='ltr'>c.</span> <span class='ocrx_word' id='word_1_205' title='bbox 886 3461 915 3508; x_wconf 82' lang='grc'><strong>16</strong></span> <span class='ocrx_word' id='word_1_206' title='bbox 934 3457 963 3508; x_wconf 87' lang='lat' dir='ltr'>et</span> <span class='ocrx_word' id='word_1_207' title='bbox 982 3461 1020 3508; x_wconf 76' lang='lat'>17.</span> <span class='ocrx_word' id='word_1_208' title='bbox 1040 3449 1152 3508; x_wconf 64' lang='lat' dir='ltr'>&#39;Maius</span> 
     </span>
    </p>

    <p class='ocr_par' dir='ltr' id='par_1_8' title="bbox 528 3537 1585 3609">
     <span class='ocr_line' id='line_1_28' title="bbox 528 3537 1585 3609; baseline -0.005 -16"><span class='ocrx_word' id='word_1_209' title='bbox 528 3547 543 3593; x_wconf 80' lang='grc'>2</span> <span class='ocrx_word' id='word_1_210' title='bbox 561 3541 602 3594; x_wconf 90' lang='lat' dir='ltr'>De</span> <span class='ocrx_word' id='word_1_211' title='bbox 620 3540 808 3609; x_wconf 89' lang='lat' dir='ltr'>legationibus</span> <span class='ocrx_word' id='word_1_212' title='bbox 831 3540 867 3593; x_wconf 87' lang='lat' dir='ltr'>ad</span> <span class='ocrx_word' id='word_1_213' title='bbox 890 3540 1043 3592; x_wconf 80' lang='lat' dir='ltr'>Traianum</span> <span class='ocrx_word' id='word_1_214' title='bbox 1065 3538 1188 3605; x_wconf 88' lang='lat' dir='ltr'>loquitur</span> <span class='ocrx_word' id='word_1_215' title='bbox 1205 3538 1257 3590; x_wconf 89' lang='lat' dir='ltr'>Dio</span> <span class='ocrx_word' id='word_1_216' title='bbox 1281 3537 1341 3591; x_wconf 90' lang='lat' dir='ltr'>loco</span> <span class='ocrx_word' id='word_1_217' title='bbox 1360 3538 1454 3590; x_wconf 83' lang='lat' dir='ltr'>citato.</span> <span class='ocrx_word' id='word_1_218' title='bbox 1490 3541 1585 3589; x_wconf 79' lang='lat' dir='ltr'>Maius.</span> 
     </span>
    </p>

    <p class='ocr_par' dir='ltr' id='par_1_9' title="bbox 527 3621 1586 3693">
     <span class='ocr_line' id='line_1_29' title="bbox 527 3621 1586 3693; baseline -0.006 -15"><span class='ocrx_word' id='word_1_219' title='bbox 527 3626 604 3679; x_wconf 87' lang='lat' dir='ltr'>3lta</span> <span class='ocrx_word' id='word_1_220' title='bbox 622 3624 723 3678; x_wconf 84' lang='lat' dir='ltr'>Codex.</span> <span class='ocrx_word' id='word_1_221' title='bbox 746 3623 786 3677; x_wconf 77' lang='lat' dir='ltr'>cf.</span> <span class='ocrx_word' id='word_1_222' title='bbox 805 3624 920 3693; x_wconf 85' lang='lat' dir='ltr'>Eutrop.</span> <span class='ocrx_word' id='word_1_223' title='bbox 940 3623 1042 3677; x_wconf 85' lang='lat' dir='ltr'>Histor.</span> <span class='ocrx_word' id='word_1_224' title='bbox 1060 3623 1132 3676; x_wconf 89' lang='lat' dir='ltr'>VIII.</span> <span class='ocrx_word' id='word_1_225' title='bbox 1152 3629 1176 3675; x_wconf 73' lang='lat'>⁶2.</span> <span class='ocrx_word' id='word_1_226' title='bbox 1201 3621 1254 3675; x_wconf 92' lang='lat' dir='ltr'>Dio</span> <span class='ocrx_word' id='word_1_227' title='bbox 1272 3622 1392 3675; x_wconf 89' lang='lat' dir='ltr'>LXVIII.</span> <span class='ocrx_word' id='word_1_228' title='bbox 1413 3628 1452 3675; x_wconf 82' lang='lat'>18.</span> <span class='ocrx_word' id='word_1_229' title='bbox 1491 3625 1586 3674; x_wconf 81' lang='lat' dir='ltr'>Maius.</span> 
     </span>
    </p>

    <p class='ocr_par' dir='ltr' id='par_1_10' title="bbox 525 3709 1051 3776">
     <span class='ocr_line' id='line_1_30' title="bbox 525 3709 1051 3776; baseline -0.002 -15"><span class='ocrx_word' id='word_1_230' title='bbox 525 3714 542 3761; x_wconf 84' lang='lat'>4</span> <span class='ocrx_word' id='word_1_231' title='bbox 561 3709 618 3762; x_wconf 84' lang='lat' dir='ltr'>Scr.</span> <span class='ocrx_word' id='word_1_232' title='bbox 639 3714 704 3762; x_wconf 84' lang='lat' dir='ltr'>Nam</span> <span class='ocrx_word' id='word_1_233' title='bbox 722 3714 776 3763; x_wconf 80' lang='lat' dir='ltr'>etsi.</span> <span class='ocrx_word' id='word_1_234' title='bbox 814 3714 987 3775; x_wconf 82' lang='lat' dir='ltr'>Heindorfias.</span> <span class='ocrx_word' id='word_1_235' title='bbox 1047 3767 1051 3776; x_wconf 35' lang='grc' dir='ltr'>Ι</span> 
     </span>
    </p>

    <p class='ocr_par' dir='ltr' id='par_1_11' title="bbox 439 3788 1587 3930">
     <span class='ocr_line' id='line_1_31' title="bbox 525 3788 1587 3861; baseline -0.004 -15"><span class='ocrx_word' id='word_1_236' title='bbox 525 3799 540 3846; x_wconf 85' lang='lat'>5</span> <span class='ocrx_word' id='word_1_237' title='bbox 558 3794 600 3846; x_wconf 89' lang='lat' dir='ltr'>De</span> <span class='ocrx_word' id='word_1_238' title='bbox 619 3810 652 3847; x_wconf 90' lang='lat' dir='ltr'>eo</span> <span class='ocrx_word' id='word_1_239' title='bbox 676 3794 709 3847; x_wconf 91' lang='lat' dir='ltr'>cf.</span> <span class='ocrx_word' id='word_1_240' title='bbox 728 3792 841 3846; x_wconf 90' lang='lat' dir='ltr'>Lucian.</span> <span class='ocrx_word' id='word_1_241' title='bbox 860 3793 1052 3861; x_wconf 88' lang='lat' dir='ltr'>pseudomant.</span> <span class='ocrx_word' id='word_1_242' title='bbox 1078 3809 1100 3845; x_wconf 88' lang='lat' dir='ltr'>c.</span> <span class='ocrx_word' id='word_1_243' title='bbox 1121 3798 1165 3857; x_wconf 77' lang='lat'>27,</span> <span class='ocrx_word' id='word_1_244' title='bbox 1190 3794 1250 3844; x_wconf 88' lang='lat' dir='ltr'>tum</span> <span class='ocrx_word' id='word_1_245' title='bbox 1269 3809 1361 3858; x_wconf 82' lang='lat' dir='ltr'>quoru.</span> <span class='ocrx_word' id='word_1_246' title='bbox 1380 3789 1444 3843; x_wconf 89' lang='lat' dir='ltr'>hist.</span> <span class='ocrx_word' id='word_1_247' title='bbox 1464 3807 1486 3843; x_wconf 85' lang='lat' dir='ltr'>e.</span> <span class='ocrx_word' id='word_1_248' title='bbox 1506 3796 1537 3843; x_wconf 79' lang='lat'>21</span> <span class='ocrx_word' id='word_1_249' title='bbox 1558 3788 1587 3842; x_wconf 86' lang='lat' dir='ltr'>et</span> 
     </span>
     <span class='ocr_line' id='line_1_32' title="bbox 439 3882 613 3930; baseline 0.006 -1"><span class='ocrx_word' id='word_1_250' title='bbox 439 3884 479 3930; x_wconf 76' lang='lat'>25.</span> <span class='ocrx_word' id='word_1_251' title='bbox 519 3882 613 3930; x_wconf 82' lang='lat' dir='ltr'>Maius.</span> 
     </span>
    </p>

    <p class='ocr_par' dir='ltr' id='par_1_12' title="bbox 524 3961 1010 4031">
     <span class='ocr_line' id='line_1_33' title="bbox 524 3961 1010 4031; baseline 0.002 -17"><span class='ocrx_word' id='word_1_252' title='bbox 524 3968 540 4014; x_wconf 86' lang='grc'><strong>6</strong></span> <span class='ocrx_word' id='word_1_253' title='bbox 557 3961 658 4031; x_wconf 85' lang='lat' dir='ltr'>Incipit</span> <span class='ocrx_word' id='word_1_254' title='bbox 676 3961 743 4015; x_wconf 84' lang='lat' dir='ltr'>Cod.</span> <span class='ocrx_word' id='word_1_255' title='bbox 761 3980 788 4030; x_wconf 92' lang='lat' dir='ltr'>p.</span> <span class='ocrx_word' id='word_1_256' title='bbox 809 3967 867 4027; x_wconf 79' lang='lat'><strong>260,</strong></span> <span class='ocrx_word' id='word_1_257' title='bbox 885 3962 1010 4015; x_wconf 87' lang='lat' dir='ltr'>obscura.</span> 
     </span>
    </p>

    <p class='ocr_par' dir='ltr' id='par_1_13' title="bbox 439 4036 1586 4368">
     <span class='ocr_line' id='line_1_34' title="bbox 525 4036 1585 4115; baseline -0.008 -14"><span class='ocrx_word' id='word_1_258' title='bbox 525 4036 663 4115; x_wconf 64' lang='lat' dir='ltr'>IS&#39;upple</span> <span class='ocrx_word' id='word_1_259' title='bbox 681 4062 785 4115; x_wconf 85' lang='lat' dir='ltr'>paucas</span> <span class='ocrx_word' id='word_1_260' title='bbox 807 4045 923 4099; x_wconf 87' lang='lat' dir='ltr'>litteras.</span> <span class='ocrx_word' id='word_1_261' title='bbox 954 4047 997 4099; x_wconf 86' lang='lat' dir='ltr'>Ita</span> <span class='ocrx_word' id='word_1_262' title='bbox 1018 4046 1116 4099; x_wconf 81' lang='lat' dir='ltr'>Maius</span> <span class='ocrx_word' id='word_1_263' title='bbox 1152 4046 1221 4098; x_wconf 89' lang='lat' dir='ltr'>Post</span> <span class='ocrx_word' id='word_1_264' title='bbox 1243 4049 1338 4097; x_wconf 73' lang='lat' dir='ltr'>tritura</span> <span class='ocrx_word' id='word_1_265' title='bbox 1361 4042 1523 4095; x_wconf 83' lang='lat' dir='ltr'>exciderunt</span> <span class='ocrx_word' id='word_1_266' title='bbox 1541 4042 1585 4092; x_wconf 88' lang='lat' dir='ltr'>de-</span> 
     </span>
     <span class='ocr_line' id='line_1_35' title="bbox 440 4124 1586 4195; baseline -0.007 -11"><span class='ocrx_word' id='word_1_267' title='bbox 440 4148 500 4184; x_wconf 83' lang='lat' dir='ltr'>cern</span> <span class='ocrx_word' id='word_1_268' title='bbox 519 4134 577 4184; x_wconf 89' lang='lat' dir='ltr'>fere</span> <span class='ocrx_word' id='word_1_269' title='bbox 595 4131 715 4184; x_wconf 89' lang='lat' dir='ltr'>litterae.</span> <span class='ocrx_word' id='word_1_270' title='bbox 753 4130 806 4195; x_wconf 76' lang='lat' dir='ltr'>Qui</span> <span class='ocrx_word' id='word_1_271' title='bbox 829 4146 923 4184; x_wconf 85' lang='lat' dir='ltr'>caesus</span> <span class='ocrx_word' id='word_1_272' title='bbox 947 4137 989 4182; x_wconf 88' lang='lat' dir='ltr'>est</span> <span class='ocrx_word' id='word_1_273' title='bbox 1009 4124 1113 4183; x_wconf 91' lang='lat' dir='ltr'>noinen</span> <span class='ocrx_word' id='word_1_274' title='bbox 1130 4128 1230 4182; x_wconf 87' lang='lat' dir='ltr'>habuit</span> <span class='ocrx_word' id='word_1_275' title='bbox 1247 4127 1406 4180; x_wconf 89' lang='lat' dir='ltr'>Maximum.</span> <span class='ocrx_word' id='word_1_276' title='bbox 1443 4125 1516 4177; x_wconf 91' lang='lat' dir='ltr'>Malo</span> <span class='ocrx_word' id='word_1_277' title='bbox 1535 4125 1586 4176; x_wconf 83' lang='lat' dir='ltr'>Ita-</span> 
     </span>
     <span class='ocr_line' id='line_1_36' title="bbox 440 4208 1585 4282; baseline -0.007 -16"><span class='ocrx_word' id='word_1_278' title='bbox 440 4233 506 4282; x_wconf 87' lang='lat' dir='ltr'>que:</span> <span class='ocrx_word' id='word_1_279' title='bbox 538 4221 769 4269; x_wconf 81' lang='lat' dir='ltr'>...camelorum</span> <span class='ocrx_word' id='word_1_280' title='bbox 788 4216 888 4267; x_wconf 76' lang='lat' dir='ltr'>tributa</span> <span class='ocrx_word' id='word_1_281' title='bbox 904 4214 1030 4268; x_wconf 86' lang='lat' dir='ltr'>locaret.</span> <span class='ocrx_word' id='word_1_282' title='bbox 1052 4258 1057 4267; x_wconf 94' lang='lat'>.</span> <span class='ocrx_word' id='word_1_283' title='bbox 1077 4234 1122 4267; x_wconf 85' lang='lat' dir='ltr'>cer</span> <span class='ocrx_word' id='word_1_284' title='bbox 1139 4232 1229 4265; x_wconf 80' lang='lat' dir='ltr'>caesus</span> <span class='ocrx_word' id='word_1_285' title='bbox 1247 4222 1293 4263; x_wconf 83' lang='lat' dir='ltr'>est.</span> <span class='ocrx_word' id='word_1_286' title='bbox 1330 4210 1409 4273; x_wconf 85' lang='lat' dir='ltr'>Quod</span> <span class='ocrx_word' id='word_1_287' title='bbox 1428 4225 1529 4260; x_wconf 87' lang='lat' dir='ltr'>nomen</span> <span class='ocrx_word' id='word_1_288' title='bbox 1548 4208 1585 4259; x_wconf 57' lang='lat' dir='ltr'>lu»</span> 
     </span>
     <span class='ocr_line' id='line_1_37' title="bbox 439 4300 894 4368; baseline 0.009 -15"><span class='ocrx_word' id='word_1_289' title='bbox 439 4301 508 4367; x_wconf 88' lang='lat' dir='ltr'>teat,</span> <span class='ocrx_word' id='word_1_290' title='bbox 526 4300 696 4368; x_wconf 89' lang='lat' dir='ltr'>ignoramus.</span> <span class='ocrx_word' id='word_1_291' title='bbox 733 4301 776 4352; x_wconf 84' lang='lat' dir='ltr'>An</span> <span class='ocrx_word' id='word_1_292' title='bbox 794 4306 894 4357; x_wconf 80' lang='lat' dir='ltr'>alter?.</span> 
     </span>
    </p>

    <p class='ocr_par' dir='ltr' id='par_1_14' title="bbox 440 4374 1582 4524">
     <span class='ocr_line' id='line_1_38' title="bbox 523 4374 1582 4450; baseline -0.01 -13"><span class='ocrx_word' id='word_1_293' title='bbox 523 4389 539 4437; x_wconf 86' lang='lat'>8</span> <span class='ocrx_word' id='word_1_294' title='bbox 558 4384 598 4438; x_wconf 80' lang='lat' dir='ltr'>uf.</span> <span class='ocrx_word' id='word_1_295' title='bbox 626 4383 679 4437; x_wconf 90' lang='lat' dir='ltr'>Dio</span> <span class='ocrx_word' id='word_1_296' title='bbox 703 4384 824 4437; x_wconf 90' lang='lat' dir='ltr'>LXVIII.</span> <span class='ocrx_word' id='word_1_297' title='bbox 847 4389 879 4437; x_wconf 76' lang='lat'>24</span> <span class='ocrx_word' id='word_1_298' title='bbox 903 4384 931 4436; x_wconf 87' lang='lat' dir='ltr'>et</span> <span class='ocrx_word' id='word_1_299' title='bbox 954 4381 1102 4450; x_wconf 76' lang='lat' dir='ltr'>Capitolin.</span> <span class='ocrx_word' id='word_1_300' title='bbox 1123 4381 1158 4433; x_wconf 88' lang='lat' dir='ltr'>de</span> <span class='ocrx_word' id='word_1_301' title='bbox 1175 4380 1205 4432; x_wconf 86' lang='lat' dir='ltr'>L.</span> <span class='ocrx_word' id='word_1_302' title='bbox 1224 4378 1290 4431; x_wconf 85' lang='lat' dir='ltr'>Veri</span> <span class='ocrx_word' id='word_1_303' title='bbox 1316 4376 1450 4430; x_wconf 85' lang='lat' dir='ltr'>theatrali</span> <span class='ocrx_word' id='word_1_304' title='bbox 1468 4374 1582 4427; x_wconf 85' lang='lat' dir='ltr'>insania.</span> 
     </span>
     <span class='ocr_line' id='line_1_39' title="bbox 440 4473 1401 4524; baseline -0.004 -2"><span class='ocrx_word' id='word_1_305' title='bbox 440 4474 533 4524; x_wconf 74' lang='lat' dir='ltr'>Mutus.</span> <span class='ocrx_word' id='word_1_306' title='bbox 695 4516 698 4520; x_wconf 93' lang='lat'>.</span> <span class='ocrx_word' id='word_1_307' title='bbox 1398 4473 1401 4479; x_wconf 88' lang='lat'>&#39;</span> 
     </span>
    </p>

    <p class='ocr_par' dir='ltr' id='par_1_15' title="bbox 439 4542 1684 4708">
     <span class='ocr_line' id='line_1_40' title="bbox 525 4542 1684 4618; baseline -0.014 -11"><span class='ocrx_word' id='word_1_308' title='bbox 525 4553 603 4607; x_wconf 66' lang='lat' dir='ltr'>elta</span> <span class='ocrx_word' id='word_1_309' title='bbox 621 4553 723 4607; x_wconf 82' lang='lat' dir='ltr'>Codex.</span> <span class='ocrx_word' id='word_1_310' title='bbox 759 4552 898 4618; x_wconf 77' lang='lat' dir='ltr'>Quattuor</span> <span class='ocrx_word' id='word_1_311' title='bbox 916 4551 1024 4604; x_wconf 82' lang='lat' dir='ltr'>litteras</span> <span class='ocrx_word' id='word_1_312' title='bbox 1044 4550 1202 4603; x_wconf 86' lang='lat' dir='ltr'>coniectura</span> <span class='ocrx_word' id='word_1_313' title='bbox 1221 4547 1354 4615; x_wconf 83' lang='lat' dir='ltr'>supplevi.</span> <span class='ocrx_word' id='word_1_314' title='bbox 1392 4544 1480 4597; x_wconf 85' lang='lat' dir='ltr'>Maius</span> <span class='ocrx_word' id='word_1_315' title='bbox 1499 4542 1583 4595; x_wconf 84' lang='lat' dir='ltr'>hahet</span> <span class='ocrx_word' id='word_1_316' title='bbox 1680 4575 1684 4585; x_wconf 81' lang='lat'><em>·</em></span> 
     </span>
     <span class='ocr_line' id='line_1_41' title="bbox 439 4638 731 4708; baseline 0 -18"><span class='ocrx_word' id='word_1_317' title='bbox 439 4658 454 4690; x_wconf 86' lang='lat' dir='ltr'>e</span> <span class='ocrx_word' id='word_1_318' title='bbox 473 4638 600 4708; x_wconf 86' lang='lat' dir='ltr'>margine</span> <span class='ocrx_word' id='word_1_319' title='bbox 618 4644 731 4692; x_wconf 79' lang='lat' dir='ltr'>incessit.</span> 
     </span>
    </p>

    <p class='ocr_par' dir='ltr' id='par_1_16' title="bbox 509 4723 721 4777">
     <span class='ocr_line' id='line_1_42' title="bbox 509 4723 721 4777; baseline -0.005 -2"><span class='ocrx_word' id='word_1_320' title='bbox 509 4730 539 4776; x_wconf 88' lang='grc'><strong>10</strong></span> <span class='ocrx_word' id='word_1_321' title='bbox 558 4723 663 4777; x_wconf 79' lang='lat' dir='ltr'>Codex:</span> <span class='ocrx_word' id='word_1_322' title='bbox 687 4729 721 4775; x_wconf 82' lang='lat' dir='ltr'>in.</span> 
     </span>
    </p>
   </div>
   <div class='ocr_carea' id='block_1_6' title="bbox 474 4802 1383 4878">
    <p class='ocr_par' dir='ltr' id='par_1_17' title="bbox 474 4802 1383 4878">
     <span class='ocr_line' id='line_1_43' title="bbox 474 4802 1383 4878; baseline -0.013 -2"><span class='ocrx_word' id='word_1_323' title='bbox 474 4843 574 4878; x_wconf 76' lang='lat' dir='ltr'>FRON&#39;l&#39;.</span> <span class='ocrx_word' id='word_1_324' title='bbox 592 4843 627 4877; x_wconf 81' lang='lat' dir='ltr'>ET</span> <span class='ocrx_word' id='word_1_325' title='bbox 640 4843 740 4877; x_wconf 67' lang='lat' dir='ltr'>sunm..</span> <span class='ocrx_word' id='word_1_326' title='bbox 756 4841 845 4875; x_wconf 73' lang='lat' dir='ltr'>EPIB&#39;F.</span> <span class='ocrx_word' id='word_1_327' title='bbox 1345 4802 1383 4864; x_wconf 76' lang='grc'>14</span> 
     </span>
    </p>
   </div>
   <div class='ocr_carea' id='block_1_7' title="bbox 0 0 2076 5659">
    <p class='ocr_par' dir='ltr' id='par_1_18' title="bbox 0 0 2076 5659">
     <span class='ocr_line' id='line_1_44' title="bbox 0 0 2076 5659; baseline 0 1"><span class='ocrx_word' id='word_1_328' title='bbox 0 0 2076 5659; x_wconf 95' lang='lat' dir='ltr'> </span> 
     </span>
    </p>
   </div>
  </div>
 </body>
</html>
