4142 5659
812 693 862 746 AD
880 692 1101 747 ANTONINUM
1118 695 1215 748 PIUM.

885 896 1142 951 EPISTULARUM

734 1018 801 1082 AD
829 1017 1142 1082 ANTONINUM
1170 1018 1295 1084 PlUM

952 1153 1073 1207 INDEX.

439 1294 453 1340 1
477 1287 512 1341 Ut
529 1288 691 1354 meministi,
712 1287 823 1356 Caesar,
842 1306 904 1342 cum
922 1289 982 1343 tibi.
1046 1295 1059 1342 l
1080 1291 1221 1359 Oml¹nem
1241 1306 1356 1359 operam
1373 1308 1417 1344 me

438 1379 455 1424 2
475 1371 610 1436 Quanta.
632 1417 637 1427 .
658 1418 663 1426 .
685 1417 690 1426 .
1039 1379 1062 1426 *8
1082 1416 1569 1431 ...................
1577 1380 1588 1412 ²

439 1456 504 1510 asi
522 1458 631 1512 evenire
649 1460 744 1527 posset
761 1459 827 1528 imp.
854 1497 859 1502 -
1046 1459 1183 1527 9Aeeepi
1202 1459 1313 1515 Caesar.

437 1547 454 1594 4
476 1541 572 1596 Carius
589 1543 664 1597 vitae
682 1561 762 1597 meae
781 1551 870 1612 parte.
1030 1551 1062 1597 10
1081 1542 1229 1599 Castricius
1246 1548 1348 1602 noster.

439 1633 455 1679 5
475 1625 544 1680 Cum
562 1628 633 1681 bene
651 1631 820 1698 perspectas.
1031 1636 1060 1682 11
1080 1629 1200 1698 Legam,
1217 1631 1264 1697 fili,
1282 1632 1411 1686 libenter.

439 1719 456 1765 6
476 1711 544 1766 Cum
563 1714 740 1781 gravitatem.
1031 1720 1063 1768 12
1080 1713 1194 1781 Fecisti,
1212 1715 1300 1770 frater
1319 1716 1474 1771 Contucci3.

656 1888 1024 2005 (11.00111111111
1054 1923 1373 2007 1110111011Ιο

529 2073 531 2078 ’
593 2071 856 2148 EPISTULAE
882 2076 948 2149 AD
975 2076 1265 2150 ANTONINUM
1293 2079 1436 2171 PIUM.)

531 2225 563 2290 Ι.
607 2226 827 2308 Imperatori
851 2225 1032 2293 Antonino
1055 2227 1122 2292 Pio
1144 2224 1308 2309 Augusto
1330 2228 1498 2294 Fronto⁴.

498 2362 573 2427 *Ut
595 2364 787 2444 meministi,
818 2363 952 2445 Caesar,
984 2386 1057 2427 cum
1083 2362 1144 2426 tibi
1174 2364 1208 2426 in
1232 2367 1346 2448 senatu
1369 2366 1492 2448 gratias
1515 2388 1588 2451 age-

441 2466 541 2546 remf’,
571 2465 727 2528 desiderio
755 2465 923 2548 quodam.
1020 2488 1102 2550 quae
1125 2466 1258 2529 distuler
1283 2518 1289 2530 .
1315 2518 1321 2529 .
1346 2467 1424 2530 dicit
1448 2518 1455 2531 .
1482 2491 1589 2532 ‚nere

442 2569 557 2629 senatu
572 2567 770 2650 frequentior
785 2574 946 2631 detersum.
978 2567 1086 2632 Nam.
1106 2568 1255 2631 ‚litteras
1278 2591 1358 2653 quae
1381 2590 1416 2634 eo
1438 2571 1489 2632 die
1511 2571 1589 2633 reci-

441 2669 597 2731 tabantur
621 2719 627 2732 .
654 2720 660 2732 .
685 2672 733 2733 tes
759 2721 765 2732 .
792 2720 798 2733 .
822 2669 951 2732 librum.
996 2669 1154 2733 Dominus
1179 2720 1185 2731 .
1212 2671 1241 2731 ‚⁰
1267 2654 1373 2734 'Bene
1396 2671 1476 2734 vale.

637 2839 691 2904 ΙΙ.
735 2839 780 2904 Μ.
803 2791 980 2904 Frontoni
1003 2835 1209 2904 Antoninus
1233 2839 1393 2905 Caesar-⁷.

528 2973 656 3049 Quanta
681 3025 687 3038 .
714 2977 742 3038 .⁸
764 2998 815 3039 me
837 2979 892 3039 tuo
910 3026 916 3039 .
934 2974 1087 3039 hercule.
1114 3026 1120 3038 .
1145 2975 1300 3059 01111111019
1324 2976 1358 3038 in
1369 2976 1392 3016 ¹⁰
1420 2979 1588 3062 1011111110Ι

444 3080 477 3140 et
506 3077 633 3140 assidua
665 3077 725 3140 tibi
757 3077 924 3141 materia¹¹
959 3077 1104 3140 invenire
1133 3079 1166 3139 ct
1194 3098 1296 3160 posse.
1348 3077 1411 3141 Sed
1440 3080 1591 3144 videlicet

530 3288 543 3334 1
563 3279 695 3347 Sequitur
713 3279 779 3333 Ccd.
798 3299 825 3349 p.
846 3287 908 3347 342,
927 3296 999 3347 quae
1016 3279 1075 3347 legi
1091 3295 1147 3332 non
1164 3280 1265 3347 potest.

528 3373 544 3418 2
562 3364 631 3432 Legi
642 3367 740 3432 nequit
751 3365 860 3417 initium
878 3365 958 3417 unius
971 3363 1114 3433 epistolae.
1140 3363 1212 3430 Fuit,
1230 3364 1259 3416 ni
1270 3364 1366 3432 fallor,
1384 3365 1476 3434 prima
1487 3365 1553 3420 libri
1564 3367 1590 3419 Π

444 3452 481 3504 ad
499 3451 618 3504 Amicos.
1637 3451 1640 3454 ’

530 3544 545 3591 3
564 3520 632 3588 Tres
650 3534 784 3603 epistolae
797 3550 890 3589 errore
902 3535 957 3587 hue
969 3534 1075 3588 relatae
1088 3536 1164 3601 sunt,
1183 3536 1214 3588 ut
1232 3533 1304 3588 iufra
1322 3536 1444 3589 dicemus
1456 3552 1505 3589 suc
1518 3537 1588 3590 loeo.

529 3645 545 3690 4
563 3637 664 3691 Utrum
681 3635 755 3689 Maio
774 3636 910 3690 debeatur
928 3635 1025 3689 titulus
1044 3653 1081 3690 an
1099 3634 1207 3689 Codicis
1225 3634 1341 3691 librario
1359 3655 1415 3692 non
1433 3638 1543 3693 definio.

531 3728 546 3776 5
564 3722 671 3790 Nempe
689 3737 741 3789 pro
760 3721 911 3788 consulatu,
931 3722 964 3775 ef.
983 3720 1034 3790 Ep.
1055 3721 1091 3774 ad
1108 3720 1145 3773 Μ.
1159 3719 1237 3774 Caes.
1251 3723 1285 3787 Il.
1306 3729 1318 3775 1
1339 3741 1398 3791 sqq.
1431 3723 1591 3788 duodenni

444 3825 530 3874 nune,
552 3807 664 3874 reperto
687 3804 824 3859 Vaticano
847 3803 961 3871 Codice,
984 3805 1051 3859 satis
1070 3807 1175 3858 certum
1196 3804 1336 3874 videatur,
1359 3811 1478 3876 apparet
1499 3800 1591 3861 minus

445 3893 520 3945 10010
543 3891 684 3945 dubitasse
707 3889 902 3956 Niebuhrium,
925 3907 961 3943 an
983 3891 1185 3959 imperatorem
1207 3890 1311 3944 Fronto
1331 3891 1477 3947 Caesarem
1496 3895 1590 3963 appel-

445 3979 504 4031 lare
521 3977 666 4046 potuisset.

530 4061 655 4129 oPrcpe
673 4059 801 4114 universa
818 4059 903 4129 periit
919 4058 989 4113 haec
1007 4058 1126 4129 epistula
1147 4076 1276 4114 versuum
1298 4059 1382 4114 XXV.
1411 4066 1504 4115 Maius.
1537 4063 1591 4116 Ita·

446 4165 500 4216 que
517 4164 573 4201 non
590 4145 729 4200 sufficiunt
746 4144 940 4214 supplementa
956 4143 1124 4209 Heindorlii,
1142 4145 1190 4212 qui
1207 4144 1351 4214 proponit:
1371 4145 1509 4199 desiderio
1523 4163 1590 4213 quo-

447 4233 512 4288 dam
529 4237 632 4287 dieendi
650 4247 721 4298 quae
740 4228 908 4290 distuleram,
933 4230 1031 4283 senatu
1049 4229 1237 4297 frequentiore
1255 4239 1379 4283 eaecutus
1396 4247 1465 4282 sum.

530 4324 545 4373 7
563 4317 650 4370 Huius
669 4315 803 4385 epistulae
821 4313 925 4369 mentio
944 4315 987 4367 est
1004 4313 1039 4368 ad
1056 4313 1093 4367 M.
1113 4312 1189 4368 Caes.
1209 4313 1242 4365 ΙΙ.
1263 4320 1286 4366 6.
1318 4318 1412 4367 Maius.
1521 4356 1523 4358 .

531 4410 547 4457 8
565 4401 711 4456 Perierunt
729 4417 822 4454 versus
840 4400 911 4453 octo.
948 4403 1043 4452 Maius.

531 4485 666 4555 9111011111
684 4484 750 4539 Ood.
772 4503 800 4553 p.
820 4490 877 4538 341.

516 4579 547 4627 10
564 4570 655 4626 Hodie
674 4569 762 4624 estin
781 4567 883 4623 Codice
901 4569 1023 4638 spatium
1040 4567 1126 4621 trium
1144 4566 1310 4621 litterarum.

516 4664 546 4710 11
565 4658 640 4726 Ergo
658 4656 762 4709 Fronto
780 4671 864 4724 saepe
881 4654 1024 4723 publicam
1041 4652 1232 4706 laudationem
1250 4652 1299 4706 Pio
1318 4651 1440 4720 dixerat,
1459 4653 1530 4708 sicut
1543 4673 1591 4711 an-

447 4743 495 4796 tea
511 4742 662 4796 Hadriano.
700 4741 739 4794 Cf.
759 4740 795 4794 ad
812 4740 849 4793 M.
870 4739 947 4793 Caes.
966 4740 1000 4792 ΙΙ.
1019 4745 1042 4791 4.
1080 4742 1175 4792 Maius.
1314 4742 1316 4745 '

1328 4826 1391 4887 11*
