4142 5659
553 659 612 722 126
760 657 797 710 Μ.
812 655 980 709 CORNELII
999 654 1206 709 FRONTONIS
1224 653 1482 709 EPISTULARUM

633 825 774 889 Exstant
795 825 951 908 epistulae
973 831 1074 889 verbis
1095 826 1218 889 idoneis
1240 831 1272 890 in
1293 825 1391 890 serie¹
1413 825 1534 909 partim
1555 826 1696 889 scribtae

549 926 765 1008 historiarum,
789 925 840 989 vel
856 949 874 989 a
889 927 1035 1004 stupuere
1052 927 1260 1010 compositae:
1283 928 1320 989 ut
1334 927 1391 989 illa
1406 925 1587 1009 Thucydidi
1602 926 1696 990 nobi-

549 1028 671 1091 lissima
693 1026 806 1090 Niciae
829 1027 918 1090 ducis
941 1028 1078 1111 epistula
1102 1049 1140 1090 cx
1156 1026 1265 1091 Sicilia
1287 1028 1420 1091 missa3:
1442 1029 1521 1091 item
1544 1028 1630 1111 apud
1655 1027 1694 1092 G.

550 1128 737 1193 Sallustium
759 1129 799 1191 ad
821 1128 966 1192 Arsacen
988 1149 1098 1212 regem
1119 1127 1316 1192 Mithridatis
1345 1129 1500 1192 auxilium
1520 1130 1696 1213 imploran-

548 1231 591 1294 tis
619 1230 746 1293 litterae
774 1229 999 1294 criminosae⁴:
1037 1234 1070 1293 et
1098 1229 1156 1294 Cn.
1180 1229 1313 1314 Pompei
1346 1231 1386 1293 ad
1408 1233 1555 1294 senatum
1579 1231 1617 1293 de
1641 1232 1697 1294 sti-

457 1314 461 1325 *
549 1331 686 1414 pendio⁵
707 1331 835 1394 litterae
859 1331 1009 1414 gravesss:
1048 1334 1080 1394 et
1111 1331 1281 1394 Aderbalis
1310 1333 1395 1415 apud
1424 1331 1547 1396 Cirtam
1573 1333 1696 1395 obsessi

549 1432 726 1495 invidiosae
741 1431 868 1495 litterae
886 1481 1026 1495 .....
1036 1432 1048 1469 ⁷
1071 1454 1181 1496 omnes
1206 1482 1347 1496 .....
1356 1433 1368 1473 ⁸
1383 1432 1601 1516 postulabat9:
1625 1433 1696 1496 bre·

549 1554 603 1596 ves
618 1555 679 1596 nec
694 1532 794 1595 ullam
816 1554 922 1595 rerum
944 1520 1110 1616 gestarum
1132 1534 1368 1618 expeditionem
1391 1535 1605 1598 continentes
1643 1535 1696 1597 In-

549 1634 669 1697 latae¹⁰
691 1636 809 1714 autem,
833 1640 984 1716 quomodo
1006 1633 1164 1698 scribsisti
1185 1638 1232 1717 tu,
1257 1638 1371 1699 extant
1391 1634 1498 1699 Catuli
1521 1635 1694 1718 litterae¹¹,

550 1735 708 1818 quibus..
726 1756 744 1796 a
760 1733 901 1797 sema¹².
921 1784 926 1797 .
944 1735 1015 1798 dico
1032 1785 1039 1797 .
1060 1784 1066 1797 .
1083 1734 1218 1799 historia
1233 1738 1343 1799 tamen
1358 1787 1364 1798 .
1381 1787 1386 1798 .
1407 1736 1591 1817 scribenda,
1611 1736 1640 1798 si
1656 1736 1696 1799 ad

550 1838 698 1900 senatum
720 1835 912 1899 scriberetur
936 1885 942 1898 .
969 1885 975 1898 .
1001 1836 1087 1900 sensi
1108 1835 1223 1900 horum
1245 1859 1375 1901 suorum
1403 1838 1429 1899 si
1457 1838 1492 1899 in
1519 1837 1696 1899 turmam¹³

551 1937 707 2021 epistulae
731 1936 920 2000 contulisset
945 1939 1127 2000 necessario
1152 1987 1159 2000 .
1186 1988 1192 2001 .
1223 1939 1401 2023 expeditius
1429 1938 1554 2001 etde.
1581 1988 1587 2000 .
1612 1938 1697 2020 quod

553 2036 763 2125 [Paterculus]
795 2088 801 2100 .
829 2089 835 2100 .
863 2060 914 2102 res
942 2039 1122 2103 inornatius
1150 2040 1324 2103 scribsisse.
1376 2038 1464 2102 Tuae
1498 2039 1628 2103 litterae
1664 2044 1697 2103 et

551 2139 735 2222 eloquentes
750 2142 828 2202 sunt
842 2142 879 2203 ut
900 2141 1058 2222 oratoria
1071 2140 1150 2225 strel
1161 2141 1275 2204 ¹⁴nuae
1289 2143 1327 2203 ut
1342 2140 1441 2222 ducis,
1466 2160 1581 2222 graves
1603 2142 1642 2204 ut
1657 2141 1697 2204 ad

551 2243 709 2322 senatum,
732 2241 770 2302 ut
791 2241 829 2304 de
851 2263 885 2304 re
907 2240 1041 2304 militari
1063 2263 1130 2304 non
1152 2242 1379 2306 redundantes.
1410 2239 1496 2304 Nam
1511 2263 1694 2324 neque...

444 2420 447 2421 ⁷
552 2342 619 2405 eius
644 2391 650 2404 .
678 2391 683 2404 .
709 2342 747 2404 de
773 2391 779 2403 .
806 2342 1034 2405 brevitatis.
1061 2392 1067 2404 .
1094 2343 1246 2406 coartatis
1271 2392 1278 2405 .
1305 2392 1311 2404 .
1334 2342 1407 2404 fuit.
1453 2340 1531 2416 Quis
1559 2342 1695 2425 impera-

493 2472 502 2484 ·
550 2445 602 2505 tor
623 2442 698 2525 quid
714 2443 754 2505 ad
776 2445 934 2524 senatum,
960 2443 1081 2530 [quom]
1100 2443 1196 2506 debet
1210 2444 1306 2527 loqui,
1332 2443 1502 2525 epistulam
1518 2443 1698 2508 scriberet?

551 2541 663 2625 anue
685 2543 745 2605 tibi
770 2593 776 2604 .
804 2593 810 2604 .
836 2542 937 2606 cultas
963 2593 968 2606 .
995 2594 1001 2607 .
1026 2545 1064 2607 de
1094 2545 1208 2626 quibus
1236 2544 1441 2607 scribendum
1464 2547 1534 2607 erat
1557 2566 1629 2608 cum
1655 2596 1661 2607 .
1689 2595 1695 2608 .

552 2643 627 2706 dum
652 2692 658 2705 .
685 2692 691 2705 .
738 2641 777 2706 Se
800 2643 935 2727 denique
959 2666 1030 2708 cum
1055 2694 1062 2707 .
1153 2645 1233 2708 sicui
1255 2645 1441 2731 priusquam
1463 2651 1603 2727 aliquam
1625 2668 1698 2729 pro-

551 2744 720 2830 v(inciam)
751 2795 757 2807 .
785 2794 791 2807 .
817 2745 857 2807 ad
884 2745 1037 2828 populum
1065 2753 1186 2828 dicere,
1220 2750 1253 2810 et
1276 2747 1364 2810 crim.
1395 2747 1478 2830 quod
1503 2797 1510 2810 .
1537 2742 1555 2810 .’
1574 2769 1630 2810 vos
1655 2797 1662 2811 .
1689 2798 1695 2810 .

552 2845 710 2909 exercitus
737 2845 869 2929 insuper
896 2848 983 2908 aut.
1010 2897 1016 2908 .
1041 2867 1112 2909 meo
1138 2867 1205 2910 non
1232 2847 1302 2931 ipse
1326 2896 1334 2910 .
1360 2897 1367 2910 .
1391 2847 1442 2909 vel
1469 2848 1552 2930 quod
1577 2895 1584 2910 .
1610 2898 1617 2910 .
1642 2869 1697 2911 no-

638 3087 651 3134 1
671 3081 776 3136 Codex:
805 3080 878 3135 UOR
898 3124 902 3135 .
924 3125 929 3134 .
951 3081 1072 3151 locrus
1091 3113 1123 3120 —
1142 3080 1210 3136 SER
1227 3112 1259 3120 -
1279 3082 1480 3152 Supplementa
1497 3082 1564 3136 Maii
1582 3099 1639 3136 non
1657 3101 1698 3137 sa-

551 3165 701 3220 tisfaciunt.
737 3166 905 3220 Niebuhrius
922 3165 1067 3221 nesciebat
1089 3170 1158 3232 quot
1174 3166 1286 3221 litterae
1303 3167 1457 3236 periissent.

636 3257 652 3304 2
669 3250 782 3304 Lacuna
800 3251 842 3304 est
860 3251 923 3304 octo
941 3250 1112 3314 litterarum3
1131 3267 1282 3319 perperam
1298 3251 1400 3304 Maius:
1425 3262 1491 3304 arte.

636 3341 652 3388 3
671 3334 756 3387 Thus.
774 3333 835 3387 VII.
859 3340 897 3387 11.
918 3339 957 3388 16.

637 3417 740 3472 4Hist.
761 3416 809 3470 lib.
828 3416 875 3470 IV.

637 3507 653 3555 5
670 3501 788 3555 Videtur
805 3499 863 3570 legi
880 3507 1017 3569 stipendio.

637 3591 652 3638 6
670 3584 742 3638 Hist.
761 3585 810 3638 lib.
829 3585 877 3637 ΙΙΙ.

637 3674 652 3723 ‘l
671 3668 776 3723 Codex:
801 3667 857 3721 CIE
878 3711 883 3722 .
904 3712 909 3722 .
928 3669 1033 3723 Maius:
1058 3675 1152 3740 qulbus

637 3759 653 3806 8
671 3751 772 3807 Maius:
789 3765 886 3821 patres,
907 3754 956 3807 sed
973 3769 1030 3807 non
1048 3754 1219 3823 respondent
1235 3754 1363 3822 vestigia.

638 3835 740 3890 sBefl.
760 3837 885 3906 [ugurth.
905 3854 927 3890 ο.
947 3843 988 3891 24.

622 3927 653 3976 10
670 3921 714 3974 Ita
731 3919 836 3974 Codex:
871 3920 972 3975 Maius:
1009 3929 1085 3977 latae.
1123 3922 1221 3977 Cetera
1244 3921 1290 3975 vix
1313 3922 1370 3991 legi
1392 3925 1522 3992 possunt,
1558 3942 1611 3979 nec
1635 3942 1697 3979 oon-

552 4006 617 4060 tulit
636 4005 749 4060 amicus.

622 4097 652 4145 11
670 4091 741 4145 Item
760 4089 834 4159 apud
852 4090 1015 4145 Sallustium
1032 4089 1062 4145 in
1080 4091 1202 4146 amissis:
1231 4091 1256 4144 is
1278 4091 1351 4145 enim
1375 4090 1467 4146 Catuli
1490 4095 1519 4146 et
1535 4094 1636 4162 Lepidi
1653 4113 1697 4150 res

551 4176 645 4244 gestas
673 4174 829 4244 scripserat.
865 4175 989 4231 Litterae
1016 4177 1111 4230 autem
1137 4175 1228 4230 Catuli
1253 4176 1371 4230 fortasse
1397 4177 1568 4232 nuntiabant
1593 4179 1697 4234 bellum

552 4258 724 4328 lepidianum
742 4260 777 4312 ab
797 4277 826 4314 se
845 4261 1001 4314 confectum
1013 4259 1050 4314 ad
1063 4259 1156 4313 Cosas.
1182 4264 1278 4313 Maius.
1303 4259 1363 4325 Hic,
1381 4261 1413 4313 ut
1430 4278 1522 4331 saepe,
1541 4263 1618 4332 apud
1635 4263 1697 4318 Nie-

552 4343 682 4396 buhrium
700 4341 792 4398 videre
811 4345 862 4411 est,
881 4360 966 4412 quam
982 4345 1089 4398 temere
1100 4343 1190 4398 Maius
1207 4343 1383 4412 describendi
1400 4345 1515 4413 negotio
1528 4348 1639 4401 functus
1653 4348 1695 4400 sit.

554 4426 649 4481 Onmis
667 4430 764 4482 nostra
786 4444 872 4497 opera
889 4428 1010 4494 luditur;
1029 4427 1133 4482 amicus
1155 4445 1233 4483 meus
1251 4428 1344 4482 locum
1366 4446 1422 4484 non
1444 4429 1537 4498 potuit
1560 4433 1695 4486 conferre.
1720 4470 1722 4474 v

623 4517 653 4564 12
671 4510 850 4566 Niebuhrius:
869 4525 967 4567 senatu.
1641 4515 1652 4533 ⁹

623 4601 654 4649 13
671 4593 852 4649 Niebuhrius:
870 4601 986 4662 somam.

623 4684 655 4732 14
671 4678 856 4747 IncipIt·Ood.
876 4680 1003 4736 Ambros.
1022 4700 1051 4749 p.
1067 4686 1126 4747 408,
1144 4681 1250 4748 lacera3
1273 4697 1329 4735 non
1348 4678 1466 4736 contulit
1484 4680 1598 4737 amicus.
