4142 5659
519 657 559 720 72
726 654 762 708 Μ.
777 652 947 707 CORNELII
964 650 1173 707 FRONTONIS
1190 648 1448 706 EPISTULARUM

517 826 607 889 illam
628 825 732 908 ipsam
765 824 945 907 epistulam,
976 845 1039 906 qua
1064 824 1098 886 id
1125 822 1366 907 significabam,
1397 822 1565 886 scribendo
1588 823 1666 887 dare

518 949 650 1010 operam
662 927 843 1010 nequirem3
865 929 914 990 set
928 929 1035 990 uterer
1052 928 1164 989 contra
1179 946 1300 990 morem
1314 926 1461 989 nostrum
1482 974 1645 989 ........
1656 927 1663 966 ¹

862 1181 909 1246 X.
946 1176 1090 1265 (Gacsar
1112 1179 1316 1263 Frontoni).

494 1331 501 1356 ¹
605 1368 765 1381 .......
796 1323 871 1380 Volo
903 1323 945 1380 nn'
971 1322 1090 1380 Fronto
1122 1323 1205 1380 coris
1222 1315 1247 1400 Ρ
1262 1316 1351 1379 sime.
1395 1290 1606 1380 Mateffmea
1633 1319 1667 1380 te

415 1488 417 1498 ,
520 1420 649 1484 salutat.
694 1418 883 1485 Consulem³
905 1421 1052 1481 nostrum
1074 1416 1179 1481 saluta
1201 1420 1234 1482 ct
1255 1420 1437 1483 matronam
1458 1420 1612 1482 nostram.

874 1671 943 1740 XI.
978 1673 1107 1739 Cacsar
1128 1671 1317 1738 Frontoni.

557 1861 561 1866 .
605 1810 797 1873 Volentibus
820 1810 869 1873 dis
891 1830 981 1892 spem
1003 1808 1116 1872 salutis
1138 1808 1284 1872 nancisci
1301 1807 1458 1872 videmur:
1482 1809 1544 1871 alvi
1561 1808 1667 1872 finnus

523 1911 682 1994 constitit,
716 1910 892 1975 febriculae
926 1911 1093 1993 depulsae:
1124 1910 1243 1973 macies
1276 1913 1385 1974 tamen
1416 1911 1601 1993 pertenuis⁴
1636 1912 1669 1973 et

520 2012 676 2077 tusiculae
699 2013 849 2076 nonnihil
875 2015 987 2076 restat.
1032 2011 1182 2076 Profecto
1204 2011 1368 2096 intellegis
1397 2011 1435 2075 de
1457 2011 1589 2094 parvola
1611 2033 1667 2075 no-

521 2118 589 2178 stra
610 2114 786 2177 Faustina⁵
808 2113 888 2176 haec
916 2134 967 2175 me
995 2113 1056 2176 tibi
1079 2114 1228 2195 scribere,
1251 2135 1310 2196 pro
1332 2135 1395 2197 qua
1423 2113 1502 2176 satis
1530 2114 1666 2196 egimus.

522 2216 594 2279 Tibi
616 2215 765 2280 valetudo
788 2239 830 2280 an
845 2238 903 2299 pro
920 2237 990 2278 meo
1012 2202 1087 2278 voto
1110 2236 1144 2278 se
1166 2215 1396 2299 adcommodet‚
1420 2215 1473 2278 fac
1496 2215 1607 2297 sciam,
1623 2215 1666 2279 mi

521 2312 690 2402 magisten
787 2393 789 2397 y
954 2310 957 2315 ’

874 2519 963 2586 xn.
996 2519 1132 2585 Fronto
1156 2487 1311 2586 caesari.

606 2656 653 2721 Ut
675 2678 745 2740 ego,
770 2656 802 2719 di
823 2656 910 2738 boni,
936 2659 1160 2720 consternatus
1189 2678 1259 2719 sum
1287 2657 1369 2720 lecto
1394 2657 1489 2720 initio
1511 2658 1669 2740 epistulae

522 2760 613 2822 tuae!
643 2758 747 2842 quod6
773 2757 821 2820 ita
849 2758 1005 2841 scriptum
1032 2759 1105 2841 fuit,
1134 2762 1172 2822 ut
1198 2761 1290 2820 tuum
1318 2757 1446 2842 aliquod
1474 2759 1668 2823 valetudinis

522 2860 699 2943 periculum
721 2860 898 2943 significari
920 2860 1109 2944 suspicarer.
1155 2859 1330 2942 Postquam
1355 2860 1469 2923 deinde
1491 2860 1566 2924 illut
1586 2861 1668 2945 peri-

524 2962 639 3044 culum,
669 2962 753 3045 quod
775 2963 866 3045 quasi
887 2966 979 3026 tuum
1000 2962 1160 3046 principio
1186 2961 1366 3024 litterarum
1389 2963 1517 3025 tuarum
1540 2983 1669 3045 accepe-

522 3086 601 3146 ram,
631 3064 716 3127 filiae
738 3067 813 3128 tuae
835 3063 1009 3128 Faustinae
1035 3064 1136 3128 fuisse
1165 3063 1342 3147 appernisti
1350 3064 1372 3145 ⁷,
1404 3066 1562 3147 quantum
1588 3063 1681 3126 mihi

522 3168 722 3249 permutatus
751 3167 799 3230 est
825 3168 938 3249 pavor!
968 3150 1028 3230 nec
1057 3168 1257 3250 permutatus
1289 3165 1393 3247 mod0‚
1426 3186 1537 3228 verum
1571 3165 1669 3229 etiam

522 3267 630 3331 nescio
653 3289 714 3351 quo
736 3271 831 3350 pacto
854 3267 1002 3331 nonnihil
1025 3268 1219 3332 sublevatus,
1274 3266 1372 3330 Dicas
1399 3265 1491 3330 licet:
1524 3265 1668 3330 leviusnc

522 3369 582 3432 tibi
603 3369 708 3432 visum
730 3372 779 3432 est
800 3369 884 3432 filiae
907 3392 996 3433 meae
1019 3369 1198 3452 periculum
1219 3390 1315 3452 quam
1337 3368 1466 3432 meum?
1492 3367 1596 3431 tibine
1622 3367 1670 3431 ita

523 3471 626 3533 visum
648 3470 702 3553 qui
724 3471 868 3552 praefers
890 3469 1080 3535 Faustinam
1101 3470 1153 3533 id⁸
1174 3469 1235 3532 tibi
1258 3492 1336 3553 esse,
1361 3469 1444 3552 quod
1458 3469 1564 3532 lucem
1586 3490 1669 3532 sere-

522 3593 618 3653 nam,
633 3571 717 3653 quod
739 3570 973 3654 dimicatum,
998 3573 1080 3654 quod
1100 3593 1189 3656 spem
1204 3572 1428 3655 propinquam,
1452 3569 1537 3653 quod
1559 3573 1670 3634 votum

609 3865 622 3912 1
642 3859 674 3910 In
691 3859 816 3912 extrema
832 3857 937 3928 pagina
955 3857 986 3922 Q.
1005 3859 1093 3912 VIIII.

608 3942 841 3997 2Desiderantur
858 3942 979 4013 paginae
998 3945 1126 4011 quatuor.
1163 3943 1265 4012 Incipit
1283 3941 1349 3997 ooo.
1368 3941 1432 3997 Vat.
1451 3950 1551 4013 p.142.

607 4027 768 4096 3Intellige
788 4027 928 4093 quemvis
947 4044 980 4081 ex
998 4026 1094 4083 amicis
1117 4029 1166 4082 aut
1188 4027 1349 4083 necessariis
1366 4028 1527 4095 Frontonis,
1550 4029 1669 4084 tortasse

521 4115 645 4168 fratrem.
682 4117 777 4167 Maius.

607 4197 708 4252 lcod.
727 4216 770 4266 pr.
789 4215 825 4250 m.
845 4203 992 4266 peritennis.

607 4289 622 4338 5
640 4281 764 4337 Domitia
780 4280 922 4349 Faustina,
941 4300 1011 4350 quae
1029 4285 1128 4337 tenera
1145 4285 1238 4337 aetate
1257 4283 1358 4338 obiisse
1370 4284 1488 4338 videtur.
1520 4284 1668 4354 Inscriptio

521 4369 634 4422 inventa
652 4367 739 4422 estin
756 4366 922 4421 Hadrianio:
942 4373 1053 4421 Domitio
1070 4373 1202 4433 Faustino,
1221 4373 1260 4423 M.
1274 4374 1376 4423 Aurelii
1388 4373 1509 4423 Caesario
1524 4374 1587 4436 filio,
1606 4375 1668 4439 imp.

523 4459 647 4508 Antonini
665 4458 774 4522 Aupnoli
791 4456 845 4507 PP.
866 4457 958 4520 neptis.

607 4543 623 4590 6
642 4537 707 4591 Cod.
726 4556 768 4606 pr.
788 4554 824 4590 m.
845 4546 913 4606 quot.

607 4628 621 4675 7
640 4622 765 4675 Alterum
782 4644 802 4690 p
821 4622 943 4677 deletum
961 4620 1077 4678 videtur.

606 4711 622 4761 8
641 4705 706 4761 ooo.
726 4725 767 4776 pr.
788 4724 824 4763 m.
843 4718 878 4762 αι.
934 4720 939 4724 ’
