<?xml version="1.0" encoding="UTF-8"?>
<!DOCTYPE html PUBLIC "-//W3C//DTD XHTML 1.0 Transitional//EN"
    "http://www.w3.org/TR/xhtml1/DTD/xhtml1-transitional.dtd">
<html xmlns="http://www.w3.org/1999/xhtml" xml:lang="en" lang="en">
 <head>
  <title>
</title>
<meta http-equiv="Content-Type" content="text/html;charset=utf-8" />
  <meta name='ocr-system' content='tesseract 3.04.00' />
  <meta name='ocr-capabilities' content='ocr_page ocr_carea ocr_par ocr_line ocrx_word'/>
</head>
<body>
  <div class='ocr_page' id='page_1' title='image "./mcorneliifronto02frongoog_0209.png"; bbox 0 0 4142 5659; ppageno 0'>
   <div class='ocr_carea' id='block_1_1' title="bbox 801 653 1571 722">
    <p class='ocr_par' dir='ltr' id='par_1_1' title="bbox 801 653 1571 722">
     <span class='ocr_line' id='line_1_1' title="bbox 801 653 1571 722; baseline -0.001 -12"><span class='ocrx_word' id='word_1_1' title='bbox 801 655 850 710; x_wconf 78' lang='lat' dir='ltr'>Ao</span> <span class='ocrx_word' id='word_1_2' title='bbox 868 653 1202 709; x_wconf 75' lang='lat' dir='ltr'>uurounumrrun.</span> <span class='ocrx_word' id='word_1_3' title='bbox 1512 659 1571 722; x_wconf 79' lang='lat'>167</span> 
     </span>
    </p>
   </div>
   <div class='ocr_carea' id='block_1_2' title="bbox 628 826 1288 893">
    <p class='ocr_par' dir='ltr' id='par_1_2' title="bbox 628 826 1288 893">
     <span class='ocr_line' id='line_1_2' title="bbox 628 826 1288 893; baseline -0.003 -1"><span class='ocrx_word' id='word_1_4' title='bbox 628 852 630 856; x_wconf 47' lang='lat'><em>⁴</em></span> <span class='ocrx_word' id='word_1_5' title='bbox 709 827 803 892; x_wconf 88' lang='grc' dir='ltr'>ΗΠ.</span> <span class='ocrx_word' id='word_1_6' title='bbox 843 826 993 893; x_wconf 85' lang='lat' dir='ltr'>Domino</span> <span class='ocrx_word' id='word_1_7' title='bbox 1015 826 1091 892; x_wconf 83' lang='lat' dir='ltr'>Meo</span> <span class='ocrx_word' id='word_1_8' title='bbox 1115 827 1288 893; x_wconf 52' lang='lat' dir='ltr'>Caesari&amp;</span> 
     </span>
    </p>
   </div>
   <div class='ocr_carea' id='block_1_3' title="bbox 393 961 1571 2369">
    <p class='ocr_par' dir='ltr' id='par_1_3' title="bbox 422 961 1571 1434">
     <span class='ocr_line' id='line_1_3' title="bbox 511 961 1571 1047; baseline 0.003 -21"><span class='ocrx_word' id='word_1_9' title='bbox 511 961 614 1047; x_wconf 80' lang='lat' dir='ltr'>Niger</span> <span class='ocrx_word' id='word_1_10' title='bbox 635 963 806 1028; x_wconf 76' lang='lat' dir='ltr'>Censorius</span> <span class='ocrx_word' id='word_1_11' title='bbox 829 965 914 1029; x_wconf 92' lang='lat' dir='ltr'>diem</span> <span class='ocrx_word' id='word_1_12' title='bbox 936 985 1027 1026; x_wconf 91' lang='lat' dir='ltr'>suum</span> <span class='ocrx_word' id='word_1_13' title='bbox 1051 963 1140 1027; x_wconf 89' lang='lat' dir='ltr'>obiit.</span> <span class='ocrx_word' id='word_1_14' title='bbox 1171 963 1392 1038; x_wconf 83' lang='lat' dir='ltr'>Quincuncem</span> <span class='ocrx_word' id='word_1_15' title='bbox 1414 965 1571 1028; x_wconf 88' lang='lat' dir='ltr'>bonorum</span> 
     </span>
     <span class='ocr_line' id='line_1_4' title="bbox 422 1064 1570 1149; baseline 0.001 -21"><span class='ocrx_word' id='word_1_16' title='bbox 422 1086 555 1128; x_wconf 89' lang='lat' dir='ltr'>suorum</span> <span class='ocrx_word' id='word_1_17' title='bbox 587 1065 680 1129; x_wconf 88' lang='lat' dir='ltr'>nobis</span> <span class='ocrx_word' id='word_1_18' title='bbox 709 1064 839 1149; x_wconf 88' lang='lat' dir='ltr'>reliquit</span> <span class='ocrx_word' id='word_1_19' title='bbox 867 1067 1061 1130; x_wconf 89' lang='lat' dir='ltr'>testamento</span> <span class='ocrx_word' id='word_1_20' title='bbox 1095 1068 1201 1129; x_wconf 90' lang='lat' dir='ltr'>cetera</span> <span class='ocrx_word' id='word_1_21' title='bbox 1227 1064 1378 1148; x_wconf 80' lang='lat' dir='ltr'>honesto,</span> <span class='ocrx_word' id='word_1_22' title='bbox 1413 1067 1498 1149; x_wconf 90' lang='lat' dir='ltr'>quod</span> <span class='ocrx_word' id='word_1_23' title='bbox 1531 1067 1570 1129; x_wconf 91' lang='lat' dir='ltr'>ad</span> 
     </span>
     <span class='ocr_line' id='line_1_5' title="bbox 422 1167 1569 1251; baseline 0.001 -22"><span class='ocrx_word' id='word_1_24' title='bbox 422 1167 523 1230; x_wconf 86' lang='lat' dir='ltr'>verba</span> <span class='ocrx_word' id='word_1_25' title='bbox 551 1188 625 1230; x_wconf 88' lang='lat' dir='ltr'>vero</span> <span class='ocrx_word' id='word_1_26' title='bbox 654 1167 779 1231; x_wconf 90' lang='lat' dir='ltr'>adtinet</span> <span class='ocrx_word' id='word_1_27' title='bbox 806 1167 1059 1231; x_wconf 89' lang='lat' dir='ltr'>inconsiderato:</span> <span class='ocrx_word' id='word_1_28' title='bbox 1095 1167 1130 1230; x_wconf 92' lang='lat' dir='ltr'>in</span> <span class='ocrx_word' id='word_1_29' title='bbox 1158 1188 1220 1250; x_wconf 91' lang='lat' dir='ltr'>quo</span> <span class='ocrx_word' id='word_1_30' title='bbox 1247 1167 1314 1230; x_wconf 89' lang='lat' dir='ltr'>irae</span> <span class='ocrx_word' id='word_1_31' title='bbox 1341 1167 1445 1251; x_wconf 85' lang='lat' dir='ltr'>magis</span> <span class='ocrx_word' id='word_1_32' title='bbox 1474 1189 1569 1250; x_wconf 91' lang='lat' dir='ltr'>quam</span> 
     </span>
     <span class='ocr_line' id='line_1_6' title="bbox 422 1267 1569 1352; baseline 0 -21"><span class='ocrx_word' id='word_1_33' title='bbox 422 1267 550 1331; x_wconf 77' lang='lat' dir='ltr'>decori²</span> <span class='ocrx_word' id='word_1_34' title='bbox 573 1290 629 1331; x_wconf 88' lang='grc'>666</span> <span class='ocrx_word' id='word_1_35' title='bbox 653 1269 823 1333; x_wconf 89' lang='lat' dir='ltr'>consuluit.</span> <span class='ocrx_word' id='word_1_36' title='bbox 869 1268 1099 1332; x_wconf 87' lang='lat' dir='ltr'>Inclementius</span> <span class='ocrx_word' id='word_1_37' title='bbox 1128 1270 1215 1333; x_wconf 89' lang='lat' dir='ltr'>enim</span> <span class='ocrx_word' id='word_1_38' title='bbox 1241 1290 1430 1352; x_wconf 86' lang='lat' dir='ltr'>progressus</span> <span class='ocrx_word' id='word_1_39' title='bbox 1458 1272 1507 1331; x_wconf 86' lang='lat' dir='ltr'>est</span> <span class='ocrx_word' id='word_1_40' title='bbox 1534 1269 1569 1331; x_wconf 92' lang='lat' dir='ltr'>in</span> 
     </span>
     <span class='ocr_line' id='line_1_7' title="bbox 422 1367 1566 1434; baseline -0.002 0"><span class='ocrx_word' id='word_1_41' title='bbox 422 1367 558 1434; x_wconf 72' lang='lat' dir='ltr'>Gavium</span> <span class='ocrx_word' id='word_1_42' title='bbox 581 1370 776 1434; x_wconf 75' lang='lat' dir='ltr'>Maximum3</span> <span class='ocrx_word' id='word_1_43' title='bbox 793 1370 1005 1434; x_wconf 88' lang='lat' dir='ltr'>clarissimum</span> <span class='ocrx_word' id='word_1_44' title='bbox 1027 1373 1060 1433; x_wconf 89' lang='lat' dir='ltr'>et</span> <span class='ocrx_word' id='word_1_45' title='bbox 1082 1370 1175 1433; x_wconf 86' lang='lat' dir='ltr'>nobis</span> <span class='ocrx_word' id='word_1_46' title='bbox 1197 1369 1431 1434; x_wconf 88' lang='lat' dir='ltr'>observandum</span> <span class='ocrx_word' id='word_1_47' title='bbox 1453 1370 1566 1432; x_wconf 82' lang='lat' dir='ltr'>virum.</span> 
     </span>
    </p>

    <p class='ocr_par' dir='ltr' id='par_1_4' title="bbox 393 1471 1569 2369">
     <span class='ocr_line' id='line_1_8' title="bbox 510 1471 1569 1536; baseline -0.001 -1"><span class='ocrx_word' id='word_1_48' title='bbox 510 1472 561 1535; x_wconf 88' lang='lat' dir='ltr'>Ob</span> <span class='ocrx_word' id='word_1_49' title='bbox 594 1494 665 1535; x_wconf 87' lang='lat' dir='ltr'>eam</span> <span class='ocrx_word' id='word_1_50' title='bbox 699 1494 783 1536; x_wconf 91' lang='lat' dir='ltr'>rem.</span> <span class='ocrx_word' id='word_1_51' title='bbox 799 1471 1014 1536; x_wconf 89' lang='lat' dir='ltr'>necessarium</span> <span class='ocrx_word' id='word_1_52' title='bbox 1044 1473 1147 1535; x_wconf 87' lang='lat' dir='ltr'>visum</span> <span class='ocrx_word' id='word_1_53' title='bbox 1174 1471 1312 1536; x_wconf 88' lang='lat' dir='ltr'>scribere</span> <span class='ocrx_word' id='word_1_54' title='bbox 1345 1493 1396 1535; x_wconf 94' lang='lat' dir='ltr'>me</span> <span class='ocrx_word' id='word_1_55' title='bbox 1430 1471 1569 1534; x_wconf 90' lang='lat' dir='ltr'>Domino</span> 
     </span>
     <span class='ocr_line' id='line_1_9' title="bbox 421 1572 1569 1658; baseline -0.001 -22"><span class='ocrx_word' id='word_1_56' title='bbox 421 1576 535 1637; x_wconf 88' lang='lat' dir='ltr'>nostro</span> <span class='ocrx_word' id='word_1_57' title='bbox 567 1574 653 1658; x_wconf 87' lang='lat' dir='ltr'>patri</span> <span class='ocrx_word' id='word_1_58' title='bbox 681 1576 738 1638; x_wconf 92' lang='lat' dir='ltr'>tuo</span> <span class='ocrx_word' id='word_1_59' title='bbox 767 1577 799 1637; x_wconf 89' lang='lat' dir='ltr'>et</span> <span class='ocrx_word' id='word_1_60' title='bbox 826 1574 893 1657; x_wconf 90' lang='lat' dir='ltr'>ipsi</span> <span class='ocrx_word' id='word_1_61' title='bbox 913 1573 1011 1638; x_wconf 69' lang='lat' dir='ltr'>Gavio</span> <span class='ocrx_word' id='word_1_62' title='bbox 1033 1572 1175 1637; x_wconf 81' lang='lat' dir='ltr'>Maximo</span> <span class='ocrx_word' id='word_1_63' title='bbox 1203 1573 1412 1637; x_wconf 89' lang='lat' dir='ltr'>difficillimae</span> <span class='ocrx_word' id='word_1_64' title='bbox 1440 1573 1569 1657; x_wconf 90' lang='lat' dir='ltr'>quidem</span> 
     </span>
     <span class='ocr_line' id='line_1_10' title="bbox 393 1675 1568 1760; baseline 0 -22"><span class='ocrx_word' id='word_1_65' title='bbox 393 1689 397 1696; x_wconf 83' lang='lat'><strong>‘</strong></span> <span class='ocrx_word' id='word_1_66' title='bbox 421 1677 558 1740; x_wconf 89' lang='lat' dir='ltr'>rationis</span> <span class='ocrx_word' id='word_1_67' title='bbox 580 1676 752 1760; x_wconf 84' lang='lat' dir='ltr'>epistulas:</span> <span class='ocrx_word' id='word_1_68' title='bbox 790 1676 825 1739; x_wconf 94' lang='lat' dir='ltr'>in</span> <span class='ocrx_word' id='word_1_69' title='bbox 848 1675 963 1759; x_wconf 89' lang='lat' dir='ltr'>quibus</span> <span class='ocrx_word' id='word_1_70' title='bbox 992 1678 1024 1738; x_wconf 91' lang='lat' dir='ltr'>et</span> <span class='ocrx_word' id='word_1_71' title='bbox 1046 1676 1169 1738; x_wconf 88' lang='lat' dir='ltr'>factum</span> <span class='ocrx_word' id='word_1_72' title='bbox 1190 1675 1286 1759; x_wconf 81' lang='lat' dir='ltr'>Nigri</span> <span class='ocrx_word' id='word_1_73' title='bbox 1308 1675 1386 1757; x_wconf 86' lang='grc'><strong>11161,</strong></span> <span class='ocrx_word' id='word_1_74' title='bbox 1415 1676 1498 1759; x_wconf 90' lang='lat' dir='ltr'>quod</span> <span class='ocrx_word' id='word_1_75' title='bbox 1521 1677 1568 1738; x_wconf 91' lang='lat' dir='ltr'>in-</span> 
     </span>
     <span class='ocr_line' id='line_1_11' title="bbox 421 1776 1569 1860; baseline 0.002 -21"><span class='ocrx_word' id='word_1_76' title='bbox 421 1778 614 1860; x_wconf 85' lang='lat' dir='ltr'>probabam‚</span> <span class='ocrx_word' id='word_1_77' title='bbox 638 1800 705 1842; x_wconf 94' lang='lat' dir='ltr'>non</span> <span class='ocrx_word' id='word_1_78' title='bbox 727 1776 979 1860; x_wconf 89' lang='lat' dir='ltr'>repraehendere</span> <span class='ocrx_word' id='word_1_79' title='bbox 1002 1777 1191 1860; x_wconf 79' lang='lat' dir='ltr'>nequibam3</span> <span class='ocrx_word' id='word_1_80' title='bbox 1217 1780 1250 1840; x_wconf 91' lang='grc'>61</span> <span class='ocrx_word' id='word_1_81' title='bbox 1270 1780 1380 1840; x_wconf 91' lang='lat' dir='ltr'>tamen</span> <span class='ocrx_word' id='word_1_82' title='bbox 1404 1778 1499 1841; x_wconf 87' lang='lat' dir='ltr'>amici</span> <span class='ocrx_word' id='word_1_83' title='bbox 1522 1780 1569 1841; x_wconf 89' lang='lat' dir='ltr'>at-</span> 
     </span>
     <span class='ocr_line' id='line_1_12' title="bbox 421 1879 1568 1963; baseline 0.002 -21"><span class='ocrx_word' id='word_1_84' title='bbox 421 1902 484 1962; x_wconf 88' lang='lat' dir='ltr'>que</span> <span class='ocrx_word' id='word_1_85' title='bbox 506 1879 632 1944; x_wconf 89' lang='lat' dir='ltr'>heredis</span> <span class='ocrx_word' id='word_1_86' title='bbox 654 1879 807 1961; x_wconf 83' lang='lat' dir='ltr'>officium,</span> <span class='ocrx_word' id='word_1_87' title='bbox 839 1882 875 1942; x_wconf 93' lang='lat' dir='ltr'>ut</span> <span class='ocrx_word' id='word_1_88' title='bbox 896 1901 956 1963; x_wconf 91' lang='lat' dir='ltr'>par</span> <span class='ocrx_word' id='word_1_89' title='bbox 978 1881 1064 1961; x_wconf 80' lang='lat' dir='ltr'>erat,</span> <span class='ocrx_word' id='word_1_90' title='bbox 1093 1879 1232 1943; x_wconf 90' lang='lat' dir='ltr'>retinere</span> <span class='ocrx_word' id='word_1_91' title='bbox 1256 1879 1433 1963; x_wconf 88' lang='lat' dir='ltr'>cupiebam.</span> <span class='ocrx_word' id='word_1_92' title='bbox 1479 1879 1568 1944; x_wconf 92' lang='lat' dir='ltr'>Haec</span> 
     </span>
     <span class='ocr_line' id='line_1_13' title="bbox 421 1980 1567 2065; baseline 0.003 -22"><span class='ocrx_word' id='word_1_93' title='bbox 421 2002 482 2065; x_wconf 83' lang='lat' dir='ltr'>ego</span> <span class='ocrx_word' id='word_1_94' title='bbox 504 1984 548 2064; x_wconf 77' lang='lat' dir='ltr'>te,</span> <span class='ocrx_word' id='word_1_95' title='bbox 572 1985 608 2046; x_wconf 91' lang='lat' dir='ltr'>ut</span> <span class='ocrx_word' id='word_1_96' title='bbox 622 2004 695 2045; x_wconf 91' lang='lat' dir='ltr'>mea</span> <span class='ocrx_word' id='word_1_97' title='bbox 710 1982 819 2045; x_wconf 89' lang='lat' dir='ltr'>omnia</span> <span class='ocrx_word' id='word_1_98' title='bbox 834 1984 950 2064; x_wconf 82' lang='lat' dir='ltr'>cetera,</span> <span class='ocrx_word' id='word_1_99' title='bbox 976 1980 1057 2044; x_wconf 89' lang='grc'><strong>66116</strong></span> <span class='ocrx_word' id='word_1_100' title='bbox 1075 1981 1176 2044; x_wconf 84' lang='lat' dir='ltr'>volui:</span> <span class='ocrx_word' id='word_1_101' title='bbox 1201 1982 1354 2045; x_wconf 86' lang='lat' dir='ltr'>conatus⁴</span> <span class='ocrx_word' id='word_1_102' title='bbox 1370 1982 1567 2046; x_wconf 79' lang='lat' dir='ltr'>mehercules</span> 
     </span>
     <span class='ocr_line' id='line_1_14' title="bbox 421 2083 1567 2167; baseline 0.003 -23"><span class='ocrx_word' id='word_1_103' title='bbox 421 2083 461 2145; x_wconf 92' lang='lat' dir='ltr'>ad</span> <span class='ocrx_word' id='word_1_104' title='bbox 488 2084 522 2145; x_wconf 92' lang='lat' dir='ltr'>te</span> <span class='ocrx_word' id='word_1_105' title='bbox 549 2105 674 2167; x_wconf 90' lang='lat' dir='ltr'>quoquc</span> <span class='ocrx_word' id='word_1_106' title='bbox 703 2084 742 2148; x_wconf 89' lang='lat' dir='ltr'>de</span> <span class='ocrx_word' id='word_1_107' title='bbox 765 2083 876 2146; x_wconf 89' lang='lat' dir='ltr'>eadem</span> <span class='ocrx_word' id='word_1_108' title='bbox 897 2105 932 2147; x_wconf 89' lang='grc'>16</span> <span class='ocrx_word' id='word_1_109' title='bbox 953 2083 1143 2166; x_wconf 84' lang='lat' dir='ltr'>prolixiores</span> <span class='ocrx_word' id='word_1_110' title='bbox 1171 2083 1295 2147; x_wconf 75' lang='lat' dir='ltr'>litteras</span> <span class='ocrx_word' id='word_1_111' title='bbox 1324 2084 1477 2147; x_wconf 85' lang='lat' dir='ltr'>scribere:</span> <span class='ocrx_word' id='word_1_112' title='bbox 1512 2085 1567 2147; x_wconf 89' lang='lat' dir='ltr'>sed</span> 
     </span>
     <span class='ocr_line' id='line_1_15' title="bbox 420 2184 1565 2269; baseline 0.003 -23"><span class='ocrx_word' id='word_1_113' title='bbox 420 2185 603 2248; x_wconf 77' lang='lat' dir='ltr'>recordanti</span> <span class='ocrx_word' id='word_1_114' title='bbox 627 2188 745 2249; x_wconf 87' lang='lat' dir='ltr'>cuncta</span> <span class='ocrx_word' id='word_1_115' title='bbox 766 2184 846 2247; x_wconf 92' lang='lat' dir='ltr'>mihi</span> <span class='ocrx_word' id='word_1_116' title='bbox 862 2185 975 2248; x_wconf 89' lang='lat' dir='ltr'>melius</span> <span class='ocrx_word' id='word_1_117' title='bbox 998 2184 1102 2247; x_wconf 92' lang='lat' dir='ltr'>visum</span> <span class='ocrx_word' id='word_1_118' title='bbox 1123 2206 1190 2248; x_wconf 92' lang='lat' dir='ltr'>non</span> <span class='ocrx_word' id='word_1_119' title='bbox 1211 2185 1388 2265; x_wconf 88' lang='lat' dir='ltr'>obtundere</span> <span class='ocrx_word' id='word_1_120' title='bbox 1408 2188 1441 2248; x_wconf 91' lang='lat' dir='ltr'>te</span> <span class='ocrx_word' id='word_1_121' title='bbox 1463 2207 1565 2269; x_wconf 89' lang='lat' dir='ltr'>neque</span> 
     </span>
     <span class='ocr_line' id='line_1_16' title="bbox 420 2286 803 2369; baseline 0.008 -21"><span class='ocrx_word' id='word_1_122' title='bbox 420 2309 439 2348; x_wconf 89' lang='lat' dir='ltr'>a</span> <span class='ocrx_word' id='word_1_123' title='bbox 460 2286 638 2369; x_wconf 87' lang='lat' dir='ltr'>potioribus</span> <span class='ocrx_word' id='word_1_124' title='bbox 661 2309 803 2351; x_wconf 79' lang='lat' dir='ltr'>avocare.</span> 
     </span>
    </p>
   </div>
   <div class='ocr_carea' id='block_1_4' title="bbox 670 2436 1312 2520">
    <p class='ocr_par' dir='ltr' id='par_1_5' title="bbox 670 2436 1312 2520">
     <span class='ocr_line' id='line_1_17' title="bbox 670 2436 1312 2520; baseline -0.005 -15"><span class='ocrx_word' id='word_1_125' title='bbox 670 2439 711 2504; x_wconf 81' lang='lat' dir='ltr'>V.</span> <span class='ocrx_word' id='word_1_126' title='bbox 755 2437 938 2505; x_wconf 77' lang='lat' dir='ltr'>Antonino</span> <span class='ocrx_word' id='word_1_127' title='bbox 960 2438 1027 2504; x_wconf 90' lang='lat' dir='ltr'>Pio</span> <span class='ocrx_word' id='word_1_128' title='bbox 1050 2436 1141 2520; x_wconf 77' lang='lat' dir='ltr'>Aug.</span> <span class='ocrx_word' id='word_1_129' title='bbox 1164 2438 1312 2504; x_wconf 81' lang='lat' dir='ltr'>Fronto.</span> 
     </span>
    </p>
   </div>
   <div class='ocr_carea' id='block_1_5' title="bbox 417 2573 1566 2862">
    <p class='ocr_par' dir='ltr' id='par_1_6' title="bbox 417 2573 1566 2862">
     <span class='ocr_line' id='line_1_18' title="bbox 504 2573 1566 2659; baseline 0.003 -22"><span class='ocrx_word' id='word_1_130' title='bbox 504 2573 619 2638; x_wconf 54' lang='grc'>111665</span> <span class='ocrx_word' id='word_1_131' title='bbox 646 2597 736 2638; x_wconf 87' lang='lat' dir='ltr'>meae</span> <span class='ocrx_word' id='word_1_132' title='bbox 765 2577 856 2658; x_wconf 86' lang='lat' dir='ltr'>parte</span> <span class='ocrx_word' id='word_1_133' title='bbox 885 2575 1058 2658; x_wconf 74' lang='lat' dir='ltr'>adpicisei6</span> <span class='ocrx_word' id='word_1_134' title='bbox 1081 2575 1188 2658; x_wconf 82' lang='lat' dir='ltr'>cupio,</span> <span class='ocrx_word' id='word_1_135' title='bbox 1218 2577 1255 2637; x_wconf 94' lang='lat' dir='ltr'>ut</span> <span class='ocrx_word' id='word_1_136' title='bbox 1276 2578 1308 2639; x_wconf 88' lang='lat' dir='ltr'>te</span> <span class='ocrx_word' id='word_1_137' title='bbox 1339 2576 1566 2659; x_wconf 80' lang='lat' dir='ltr'>complecterer</span> 
     </span>
     <span class='ocr_line' id='line_1_19' title="bbox 417 2676 1563 2762; baseline 0.002 -23"><span class='ocrx_word' id='word_1_138' title='bbox 417 2677 605 2740; x_wconf 86' lang='lat' dir='ltr'>felicissimo</span> <span class='ocrx_word' id='word_1_139' title='bbox 634 2680 666 2740; x_wconf 92' lang='lat' dir='ltr'>et</span> <span class='ocrx_word' id='word_1_140' title='bbox 693 2677 895 2761; x_wconf 88' lang='lat' dir='ltr'>optatissimo</span> <span class='ocrx_word' id='word_1_141' title='bbox 923 2677 997 2740; x_wconf 89' lang='lat' dir='ltr'>initi</span> <span class='ocrx_word' id='word_1_142' title='bbox 1019 2676 1147 2760; x_wconf 90' lang='lat' dir='ltr'>imperii</span> <span class='ocrx_word' id='word_1_143' title='bbox 1170 2676 1239 2758; x_wconf 88' lang='lat' dir='ltr'>die,</span> <span class='ocrx_word' id='word_1_144' title='bbox 1276 2699 1370 2760; x_wconf 91' lang='lat' dir='ltr'>quem</span> <span class='ocrx_word' id='word_1_145' title='bbox 1398 2700 1457 2762; x_wconf 82' lang='lat' dir='ltr'>ego</span> <span class='ocrx_word' id='word_1_146' title='bbox 1480 2678 1563 2743; x_wconf 90' lang='lat' dir='ltr'>diem</span> 
     </span>
     <span class='ocr_line' id='line_1_20' title="bbox 417 2777 1564 2862; baseline 0.001 -20"><span class='ocrx_word' id='word_1_147' title='bbox 417 2778 561 2842; x_wconf 90' lang='lat' dir='ltr'>natalem</span> <span class='ocrx_word' id='word_1_148' title='bbox 588 2778 717 2861; x_wconf 82' lang='grc'><strong>6616116,</strong></span> <span class='ocrx_word' id='word_1_149' title='bbox 748 2779 934 2862; x_wconf 83' lang='lat' dir='ltr'>dignitatis,</span> <span class='ocrx_word' id='word_1_150' title='bbox 970 2777 1152 2842; x_wconf 83' lang='lat' dir='ltr'>securitatis</span> <span class='ocrx_word' id='word_1_151' title='bbox 1180 2800 1270 2841; x_wconf 88' lang='lat' dir='ltr'>meae</span> <span class='ocrx_word' id='word_1_152' title='bbox 1299 2779 1455 2843; x_wconf 85' lang='lat' dir='ltr'>existimo.</span> <span class='ocrx_word' id='word_1_153' title='bbox 1502 2779 1564 2844; x_wconf 84' lang='lat' dir='ltr'>Sed</span> 
     </span>
    </p>
   </div>
   <div class='ocr_carea' id='block_1_6' title="bbox 414 2879 1563 3573">
    <p class='ocr_par' dir='ltr' id='par_1_7' title="bbox 414 2879 1563 3573">
     <span class='ocr_line' id='line_1_21' title="bbox 417 2879 1563 2964; baseline 0.003 -22"><span class='ocrx_word' id='word_1_154' title='bbox 417 2880 506 2943; x_wconf 88' lang='lat' dir='ltr'>dolor</span> <span class='ocrx_word' id='word_1_155' title='bbox 529 2881 629 2944; x_wconf 89' lang='lat' dir='ltr'>umeri</span> <span class='ocrx_word' id='word_1_156' title='bbox 658 2881 767 2964; x_wconf 86' lang='lat' dir='ltr'>gravis</span> <span class='ocrx_word' id='word_1_157' title='bbox 773 2930 781 2963; x_wconf 88' lang='lat'><em>,</em></span> <span class='ocrx_word' id='word_1_158' title='bbox 818 2881 949 2944; x_wconf 87' lang='lat' dir='ltr'>cervicis</span> <span class='ocrx_word' id='word_1_159' title='bbox 977 2903 1051 2944; x_wconf 92' lang='lat' dir='ltr'>vero</span> <span class='ocrx_word' id='word_1_160' title='bbox 1078 2879 1180 2943; x_wconf 92' lang='lat' dir='ltr'>multo</span> <span class='ocrx_word' id='word_1_161' title='bbox 1207 2881 1416 2964; x_wconf 84' lang='lat' dir='ltr'>gravissimus</span> <span class='ocrx_word' id='word_1_162' title='bbox 1444 2882 1490 2944; x_wconf 90' lang='lat' dir='ltr'>ita</span> <span class='ocrx_word' id='word_1_163' title='bbox 1512 2905 1563 2945; x_wconf 89' lang='lat' dir='ltr'>me</span> 
     </span>
     <span class='ocr_line' id='line_1_22' title="bbox 417 2968 1562 3066; baseline 0.003 -23"><span class='ocrx_word' id='word_1_164' title='bbox 417 2981 551 3063; x_wconf 81' lang='lat' dir='ltr'>adffixit,</span> <span class='ocrx_word' id='word_1_165' title='bbox 575 2984 612 3044; x_wconf 92' lang='lat' dir='ltr'>ut</span> <span class='ocrx_word' id='word_1_166' title='bbox 634 2968 739 3046; x_wconf 88' lang='lat' dir='ltr'>adhue</span> <span class='ocrx_word' id='word_1_167' title='bbox 761 3004 860 3066; x_wconf 90' lang='lat' dir='ltr'>usque</span> <span class='ocrx_word' id='word_1_168' title='bbox 875 2983 928 3045; x_wconf 87' lang='lat' dir='ltr'>vix</span> <span class='ocrx_word' id='word_1_169' title='bbox 943 2982 1102 3046; x_wconf 90' lang='lat' dir='ltr'>inclinare</span> <span class='ocrx_word' id='word_1_170' title='bbox 1124 3004 1174 3044; x_wconf 89' lang='lat' dir='ltr'>me</span> <span class='ocrx_word' id='word_1_171' title='bbox 1197 2981 1247 3044; x_wconf 83' lang='lat' dir='ltr'>vel</span> <span class='ocrx_word' id='word_1_172' title='bbox 1270 2982 1392 3066; x_wconf 85' lang='lat' dir='ltr'>erigere</span> <span class='ocrx_word' id='word_1_173' title='bbox 1416 2982 1464 3045; x_wconf 90' lang='lat' dir='ltr'>vel</span> <span class='ocrx_word' id='word_1_174' title='bbox 1489 3005 1562 3046; x_wconf 87' lang='lat' dir='ltr'>con-</span> 
     </span>
     <span class='ocr_line' id='line_1_23' title="bbox 417 3082 1562 3167; baseline 0 -20"><span class='ocrx_word' id='word_1_175' title='bbox 417 3086 541 3147; x_wconf 88' lang='lat' dir='ltr'>vertere</span> <span class='ocrx_word' id='word_1_176' title='bbox 569 3083 704 3166; x_wconf 88' lang='lat' dir='ltr'>possim:</span> <span class='ocrx_word' id='word_1_177' title='bbox 741 3084 788 3146; x_wconf 89' lang='lat' dir='ltr'>ita</span> <span class='ocrx_word' id='word_1_178' title='bbox 815 3083 972 3147; x_wconf 88' lang='lat' dir='ltr'>immobili</span> <span class='ocrx_word' id='word_1_179' title='bbox 1001 3084 1122 3147; x_wconf 90' lang='lat' dir='ltr'>cervice</span> <span class='ocrx_word' id='word_1_180' title='bbox 1145 3086 1227 3146; x_wconf 87' lang='lat' dir='ltr'>utor.</span> <span class='ocrx_word' id='word_1_181' title='bbox 1274 3082 1336 3146; x_wconf 84' lang='lat' dir='ltr'>Sed</span> <span class='ocrx_word' id='word_1_182' title='bbox 1358 3084 1442 3167; x_wconf 89' lang='lat' dir='ltr'>apud</span> <span class='ocrx_word' id='word_1_183' title='bbox 1464 3084 1562 3147; x_wconf 83' lang='lat' dir='ltr'>Lares</span> 
     </span>
     <span class='ocr_line' id='line_1_24' title="bbox 415 3183 1558 3268; baseline -0.001 -20"><span class='ocrx_word' id='word_1_184' title='bbox 415 3184 556 3248; x_wconf 88' lang='lat' dir='ltr'>Penates</span> <span class='ocrx_word' id='word_1_185' title='bbox 579 3185 716 3268; x_wconf 89' lang='lat' dir='ltr'>deosque</span> <span class='ocrx_word' id='word_1_186' title='bbox 749 3185 925 3249; x_wconf 87' lang='lat' dir='ltr'>familiares</span> <span class='ocrx_word' id='word_1_187' title='bbox 953 3207 1040 3248; x_wconf 89' lang='lat' dir='ltr'>meos</span> <span class='ocrx_word' id='word_1_188' title='bbox 1068 3187 1101 3248; x_wconf 90' lang='grc'>61</span> <span class='ocrx_word' id='word_1_189' title='bbox 1127 3183 1249 3247; x_wconf 84' lang='lat' dir='ltr'>reddidi</span> <span class='ocrx_word' id='word_1_190' title='bbox 1273 3186 1306 3247; x_wconf 90' lang='grc'>61</span> <span class='ocrx_word' id='word_1_191' title='bbox 1327 3185 1452 3268; x_wconf 87' lang='lat' dir='ltr'>suscepi</span> <span class='ocrx_word' id='word_1_192' title='bbox 1476 3187 1558 3268; x_wconf 87' lang='lat' dir='ltr'>vota,</span> 
     </span>
     <span class='ocr_line' id='line_1_25' title="bbox 416 3284 1561 3369; baseline -0.002 -19"><span class='ocrx_word' id='word_1_193' title='bbox 416 3290 448 3350; x_wconf 91' lang='lat' dir='ltr'>et</span> <span class='ocrx_word' id='word_1_194' title='bbox 475 3289 647 3369; x_wconf 89' lang='lat' dir='ltr'>praecatus</span> <span class='ocrx_word' id='word_1_195' title='bbox 675 3309 760 3369; x_wconf 84' lang='lat' dir='ltr'>sum,</span> <span class='ocrx_word' id='word_1_196' title='bbox 790 3289 838 3350; x_wconf 88' lang='lat' dir='ltr'>uti</span> <span class='ocrx_word' id='word_1_197' title='bbox 867 3309 952 3350; x_wconf 91' lang='lat' dir='ltr'>anno</span> <span class='ocrx_word' id='word_1_198' title='bbox 980 3286 1165 3369; x_wconf 88' lang='lat' dir='ltr'>insequenti</span> <span class='ocrx_word' id='word_1_199' title='bbox 1194 3285 1243 3348; x_wconf 89' lang='lat' dir='ltr'>bis</span> <span class='ocrx_word' id='word_1_200' title='bbox 1272 3288 1304 3348; x_wconf 88' lang='lat' dir='ltr'>te</span> <span class='ocrx_word' id='word_1_201' title='bbox 1333 3284 1561 3369; x_wconf 88' lang='lat' dir='ltr'>complecterer</span> 
     </span>
     <span class='ocr_line' id='line_1_26' title="bbox 414 3387 1560 3472; baseline 0 -21"><span class='ocrx_word' id='word_1_202' title='bbox 414 3389 478 3463; x_wconf 90' lang='lat' dir='ltr'>ista</span> <span class='ocrx_word' id='word_1_203' title='bbox 507 3388 573 3470; x_wconf 85' lang='lat' dir='ltr'>die,</span> <span class='ocrx_word' id='word_1_204' title='bbox 611 3388 661 3452; x_wconf 90' lang='lat' dir='ltr'>bis</span> <span class='ocrx_word' id='word_1_205' title='bbox 690 3391 801 3472; x_wconf 88' lang='lat' dir='ltr'>pectus</span> <span class='ocrx_word' id='word_1_206' title='bbox 823 3390 915 3452; x_wconf 92' lang='lat' dir='ltr'>tuum</span> <span class='ocrx_word' id='word_1_207' title='bbox 938 3391 970 3451; x_wconf 92' lang='lat' dir='ltr'>et</span> <span class='ocrx_word' id='word_1_208' title='bbox 996 3409 1112 3450; x_wconf 88' lang='lat' dir='ltr'>manus</span> <span class='ocrx_word' id='word_1_209' title='bbox 1141 3387 1357 3469; x_wconf 64' lang='lat' dir='ltr'>exosculare,</span> <span class='ocrx_word' id='word_1_210' title='bbox 1392 3389 1560 3470; x_wconf 84' lang='lat' dir='ltr'>praeteriti</span> 
     </span>
     <span class='ocr_line' id='line_1_27' title="bbox 415 3489 1239 3573; baseline -0.001 -20"><span class='ocrx_word' id='word_1_211' title='bbox 415 3489 511 3553; x_wconf 86' lang='lat' dir='ltr'>sirnul</span> <span class='ocrx_word' id='word_1_212' title='bbox 533 3489 585 3553; x_wconf 77' lang='lat' dir='ltr'>et⁷</span> <span class='ocrx_word' id='word_1_213' title='bbox 607 3491 787 3573; x_wconf 88' lang='lat' dir='ltr'>praesentis</span> <span class='ocrx_word' id='word_1_214' title='bbox 802 3493 889 3554; x_wconf 74' lang='lat' dir='ltr'>&#39;anni</span> <span class='ocrx_word' id='word_1_215' title='bbox 910 3491 1014 3553; x_wconf 87' lang='lat' dir='ltr'>vicem</span> <span class='ocrx_word' id='word_1_216' title='bbox 1035 3510 1239 3572; x_wconf 76' lang='lat' dir='ltr'>persequens,</span> 
     </span>
    </p>
   </div>
   <div class='ocr_carea' id='block_1_7' title="bbox 675 3640 1299 3725">
    <p class='ocr_par' dir='ltr' id='par_1_8' title="bbox 675 3640 1299 3725">
     <span class='ocr_line' id='line_1_28' title="bbox 675 3640 1299 3725; baseline -0.002 -18"><span class='ocrx_word' id='word_1_217' title='bbox 675 3641 737 3707; x_wconf 85' lang='lat' dir='ltr'>VI.</span> <span class='ocrx_word' id='word_1_218' title='bbox 781 3640 835 3707; x_wconf 76' lang='lat' dir='ltr'>Ab</span> <span class='ocrx_word' id='word_1_219' title='bbox 863 3640 1027 3725; x_wconf 78' lang='lat' dir='ltr'>Augusto</span> <span class='ocrx_word' id='word_1_220' title='bbox 1055 3641 1299 3724; x_wconf 83' lang='lat' dir='ltr'>Rescriptum.</span> 
     </span>
    </p>
   </div>
   <div class='ocr_carea' id='block_1_8' title="bbox 413 3761 1558 3945">
    <p class='ocr_par' dir='ltr' id='par_1_9' title="bbox 413 3761 1558 3945">
     <span class='ocr_line' id='line_1_29' title="bbox 500 3761 1557 3845; baseline 0.002 -19"><span class='ocrx_word' id='word_1_221' title='bbox 500 3761 580 3826; x_wconf 79' lang='lat' dir='ltr'>Cum</span> <span class='ocrx_word' id='word_1_222' title='bbox 607 3762 689 3825; x_wconf 90' lang='lat' dir='ltr'>bene</span> <span class='ocrx_word' id='word_1_223' title='bbox 718 3764 901 3845; x_wconf 87' lang='lat' dir='ltr'>perspectas</span> <span class='ocrx_word' id='word_1_224' title='bbox 924 3762 1061 3826; x_wconf 86' lang='lat' dir='ltr'>habeam</span> <span class='ocrx_word' id='word_1_225' title='bbox 1084 3761 1315 3826; x_wconf 88' lang='lat' dir='ltr'>sincerissimas</span> <span class='ocrx_word' id='word_1_226' title='bbox 1337 3763 1372 3826; x_wconf 93' lang='lat' dir='ltr'>in</span> <span class='ocrx_word' id='word_1_227' title='bbox 1400 3786 1450 3826; x_wconf 90' lang='lat' dir='ltr'>me</span> <span class='ocrx_word' id='word_1_228' title='bbox 1474 3766 1557 3829; x_wconf 88' lang='lat' dir='ltr'>adfe-</span> 
     </span>
     <span class='ocr_line' id='line_1_30' title="bbox 413 3863 1558 3945; baseline 0.001 -17"><span class='ocrx_word' id='word_1_229' title='bbox 413 3865 537 3928; x_wconf 88' lang='lat' dir='ltr'>ctiones</span> <span class='ocrx_word' id='word_1_230' title='bbox 570 3866 658 3945; x_wconf 80' lang='lat' dir='ltr'>tuas,</span> <span class='ocrx_word' id='word_1_231' title='bbox 692 3866 762 3926; x_wconf 92' lang='lat' dir='ltr'>tum</span> <span class='ocrx_word' id='word_1_232' title='bbox 791 3866 824 3927; x_wconf 90' lang='lat' dir='ltr'>et</span> <span class='ocrx_word' id='word_1_233' title='bbox 850 3886 888 3927; x_wconf 87' lang='lat' dir='ltr'>ex</span> <span class='ocrx_word' id='word_1_234' title='bbox 913 3885 984 3927; x_wconf 89' lang='lat' dir='ltr'>meo</span> <span class='ocrx_word' id='word_1_235' title='bbox 1010 3863 1118 3928; x_wconf 86' lang='lat' dir='ltr'>animo</span> <span class='ocrx_word' id='word_1_236' title='bbox 1142 3884 1209 3927; x_wconf 91' lang='lat' dir='ltr'>non</span> <span class='ocrx_word' id='word_1_237' title='bbox 1232 3864 1362 3928; x_wconf 89' lang='lat' dir='ltr'>difficile</span> <span class='ocrx_word' id='word_1_238' title='bbox 1387 3871 1461 3929; x_wconf 76' lang='lat' dir='ltr'>mite·</span> <span class='ocrx_word' id='word_1_239' title='bbox 1486 3888 1558 3945; x_wconf 83' lang='lat' dir='ltr'>pcr-</span> 
     </span>
    </p>
   </div>
   <div class='ocr_carea' id='block_1_9' title="bbox 496 4032 845 4187">
    <p class='ocr_par' dir='ltr' id='par_1_10' title="bbox 496 4032 845 4187">
     <span class='ocr_line' id='line_1_31' title="bbox 498 4032 782 4087; baseline 0 -2"><span class='ocrx_word' id='word_1_240' title='bbox 498 4039 512 4085; x_wconf 93' lang='lat'>1</span> <span class='ocrx_word' id='word_1_241' title='bbox 530 4032 618 4086; x_wconf 86' lang='lat' dir='ltr'>Deest</span> <span class='ocrx_word' id='word_1_242' title='bbox 634 4032 664 4085; x_wconf 92' lang='lat' dir='ltr'>in</span> <span class='ocrx_word' id='word_1_243' title='bbox 681 4032 782 4087; x_wconf 85' lang='lat' dir='ltr'>Indice.</span> 
     </span>
     <span class='ocr_line' id='line_1_32' title="bbox 496 4115 845 4187; baseline 0 -17"><span class='ocrx_word' id='word_1_244' title='bbox 496 4115 598 4170; x_wconf 74' lang='lat' dir='ltr'>acon</span> <span class='ocrx_word' id='word_1_245' title='bbox 617 4135 659 4187; x_wconf 90' lang='lat' dir='ltr'>pr.</span> <span class='ocrx_word' id='word_1_246' title='bbox 680 4134 715 4170; x_wconf 84' lang='lat' dir='ltr'>m.</span> <span class='ocrx_word' id='word_1_247' title='bbox 736 4123 845 4170; x_wconf 73' lang='lat' dir='ltr'>decoris.</span> 
     </span>
    </p>
   </div>
   <div class='ocr_carea' id='block_1_10' title="bbox 410 4200 1556 4609">
    <p class='ocr_par' dir='ltr' id='par_1_11' title="bbox 410 4200 1556 4440">
     <span class='ocr_line' id='line_1_33' title="bbox 497 4200 1554 4270; baseline 0.002 -15"><span class='ocrx_word' id='word_1_248' title='bbox 497 4210 512 4255; x_wconf 88' lang='lat'><strong>3</strong></span> <span class='ocrx_word' id='word_1_249' title='bbox 531 4200 584 4266; x_wconf 84' lang='lat' dir='ltr'>Qui</span> <span class='ocrx_word' id='word_1_250' title='bbox 602 4201 653 4254; x_wconf 91' lang='lat' dir='ltr'>sub</span> <span class='ocrx_word' id='word_1_251' title='bbox 666 4201 716 4255; x_wconf 91' lang='lat' dir='ltr'>Pio</span> <span class='ocrx_word' id='word_1_252' title='bbox 734 4203 892 4269; x_wconf 82' lang='lat' dir='ltr'>praefectus</span> <span class='ocrx_word' id='word_1_253' title='bbox 903 4201 1046 4270; x_wconf 89' lang='lat' dir='ltr'>praetorio</span> <span class='ocrx_word' id='word_1_254' title='bbox 1059 4202 1119 4255; x_wconf 89' lang='lat' dir='ltr'>fuit.</span> <span class='ocrx_word' id='word_1_255' title='bbox 1146 4202 1178 4255; x_wconf 89' lang='lat' dir='ltr'>ef.</span> <span class='ocrx_word' id='word_1_256' title='bbox 1194 4202 1303 4255; x_wconf 88' lang='lat' dir='ltr'>Gruter.</span> <span class='ocrx_word' id='word_1_257' title='bbox 1317 4201 1444 4270; x_wconf 87' lang='lat' dir='ltr'>Inseript.</span> <span class='ocrx_word' id='word_1_258' title='bbox 1459 4209 1516 4256; x_wconf 78' lang='lat'>258.</span> <span class='ocrx_word' id='word_1_259' title='bbox 1530 4210 1554 4257; x_wconf 86' lang='lat'>8.</span> 
     </span>
     <span class='ocr_line' id='line_1_34' title="bbox 411 4285 1556 4355; baseline 0.002 -16"><span class='ocrx_word' id='word_1_260' title='bbox 411 4286 481 4339; x_wconf 90' lang='lat' dir='ltr'>Plin.</span> <span class='ocrx_word' id='word_1_261' title='bbox 499 4286 550 4355; x_wconf 86' lang='lat' dir='ltr'>Ep.</span> <span class='ocrx_word' id='word_1_262' title='bbox 569 4286 617 4339; x_wconf 89' lang='grc' dir='ltr'><strong>ΙΙΙ.</strong></span> <span class='ocrx_word' id='word_1_263' title='bbox 637 4293 660 4339; x_wconf 81' lang='lat'>2.</span> <span class='ocrx_word' id='word_1_264' title='bbox 690 4290 783 4341; x_wconf 83' lang='lat' dir='ltr'>Maius.</span> <span class='ocrx_word' id='word_1_265' title='bbox 808 4286 839 4339; x_wconf 92' lang='lat' dir='ltr'>In</span> <span class='ocrx_word' id='word_1_266' title='bbox 857 4285 907 4338; x_wconf 84' lang='lat' dir='ltr'>Ed.</span> <span class='ocrx_word' id='word_1_267' title='bbox 926 4286 1037 4339; x_wconf 89' lang='lat' dir='ltr'>Mediol.</span> <span class='ocrx_word' id='word_1_268' title='bbox 1058 4303 1206 4354; x_wconf 90' lang='lat' dir='ltr'>perperam</span> <span class='ocrx_word' id='word_1_269' title='bbox 1224 4285 1338 4354; x_wconf 78' lang='lat' dir='ltr'>legitur:</span> <span class='ocrx_word' id='word_1_270' title='bbox 1358 4290 1556 4341; x_wconf 79' lang='lat' dir='ltr'>observandissi-</span> 
     </span>
     <span class='ocr_line' id='line_1_35' title="bbox 410 4361 1272 4440; baseline -0.002 -16"><span class='ocrx_word' id='word_1_271' title='bbox 410 4392 480 4425; x_wconf 85' lang='lat' dir='ltr'>mum.</span> <span class='ocrx_word' id='word_1_272' title='bbox 515 4371 587 4425; x_wconf 84' lang='lat' dir='ltr'>Mox&#39;</span> <span class='ocrx_word' id='word_1_273' title='bbox 599 4370 665 4425; x_wconf 73' lang='lat' dir='ltr'>cod.</span> <span class='ocrx_word' id='word_1_274' title='bbox 685 4389 727 4440; x_wconf 92' lang='lat' dir='ltr'>pr.</span> <span class='ocrx_word' id='word_1_275' title='bbox 746 4388 782 4424; x_wconf 94' lang='lat' dir='ltr'>m.</span> <span class='ocrx_word' id='word_1_276' title='bbox 801 4376 951 4431; x_wconf 82' lang='lat' dir='ltr'>scriberem,-</span> <span class='ocrx_word' id='word_1_277' title='bbox 969 4361 1022 4425; x_wconf 85' lang='grc'><strong>666.</strong></span> <span class='ocrx_word' id='word_1_278' title='bbox 1042 4390 1078 4423; x_wconf 92' lang='lat' dir='ltr'>m.</span> <span class='ocrx_word' id='word_1_279' title='bbox 1097 4375 1210 4424; x_wconf 80' lang='lat' dir='ltr'>scribere</span> <span class='ocrx_word' id='word_1_280' title='bbox 1228 4390 1272 4422; x_wconf 69' lang='lat' dir='ltr'>me⁴</span> 
     </span>
    </p>

    <p class='ocr_par' dir='ltr' id='par_1_12' title="bbox 494 4454 841 4524">
     <span class='ocr_line' id='line_1_36' title="bbox 494 4454 841 4524; baseline 0 -16"><span class='ocrx_word' id='word_1_281' title='bbox 494 4461 511 4508; x_wconf 88' lang='grc'>4</span> <span class='ocrx_word' id='word_1_282' title='bbox 528 4455 630 4524; x_wconf 88' lang='lat' dir='ltr'>Incipit</span> <span class='ocrx_word' id='word_1_283' title='bbox 649 4454 714 4509; x_wconf 76' lang='lat' dir='ltr'>eod.</span> <span class='ocrx_word' id='word_1_284' title='bbox 737 4473 763 4524; x_wconf 93' lang='lat' dir='ltr'>p.</span> <span class='ocrx_word' id='word_1_285' title='bbox 784 4460 841 4510; x_wconf 85' lang='grc'><strong>348.</strong></span> 
     </span>
    </p>

    <p class='ocr_par' dir='ltr' id='par_1_13' title="bbox 496 4538 1400 4609">
     <span class='ocr_line' id='line_1_37' title="bbox 496 4538 1400 4609; baseline -0.001 -14"><span class='ocrx_word' id='word_1_286' title='bbox 496 4546 512 4595; x_wconf 83' lang='lat'>5</span> <span class='ocrx_word' id='word_1_287' title='bbox 529 4541 562 4593; x_wconf 92' lang='lat' dir='ltr'>In</span> <span class='ocrx_word' id='word_1_288' title='bbox 580 4538 686 4593; x_wconf 85' lang='lat' dir='ltr'>Indice:</span> <span class='ocrx_word' id='word_1_289' title='bbox 706 4544 797 4594; x_wconf 79' lang='lat' dir='ltr'>Curius</span> <span class='ocrx_word' id='word_1_290' title='bbox 814 4547 881 4595; x_wconf 80' lang='lat' dir='ltr'>uitae</span> <span class='ocrx_word' id='word_1_291' title='bbox 900 4541 952 4595; x_wconf 85' lang='lat' dir='ltr'>cet.</span> <span class='ocrx_word' id='word_1_292' title='bbox 971 4540 1159 4596; x_wconf 84' lang='lat' dir='ltr'>Heindorfius:</span> <span class='ocrx_word' id='word_1_293' title='bbox 1179 4545 1270 4595; x_wconf 79' lang='lat' dir='ltr'>Curius</span> <span class='ocrx_word' id='word_1_294' title='bbox 1288 4561 1360 4609; x_wconf 82' lang='lat' dir='ltr'>quam</span> <span class='ocrx_word' id='word_1_295' title='bbox 1377 4561 1400 4594; x_wconf 88' lang='grc'>6.</span> 
     </span>
    </p>
   </div>
   <div class='ocr_carea' id='block_1_11' title="bbox 494 4624 693 4795">
    <p class='ocr_par' dir='ltr' id='par_1_14' title="bbox 494 4624 693 4795">
     <span class='ocr_line' id='line_1_38' title="bbox 494 4624 691 4679; baseline 0 -1"><span class='ocrx_word' id='word_1_296' title='bbox 494 4631 511 4678; x_wconf 85' lang='grc'>6</span> <span class='ocrx_word' id='word_1_297' title='bbox 529 4626 573 4679; x_wconf 82' lang='grc' dir='ltr'>Ι16</span> <span class='ocrx_word' id='word_1_298' title='bbox 590 4624 691 4679; x_wconf 83' lang='lat' dir='ltr'>Codex.</span> 
     </span>
     <span class='ocr_line' id='line_1_39' title="bbox 495 4709 693 4795; baseline 0.015 -31"><span class='ocrx_word' id='word_1_299' title='bbox 495 4716 510 4795; x_wconf 62' lang='lat' dir='ltr'>l</span> <span class='ocrx_word' id='word_1_300' title='bbox 529 4709 635 4764; x_wconf 82' lang='lat' dir='ltr'>Codex:</span> <span class='ocrx_word' id='word_1_301' title='bbox 654 4730 693 4768; x_wconf 83' lang='lat' dir='ltr'>ea.</span> 
     </span>
    </p>
   </div>
   <div class='ocr_carea' id='block_1_12' title="bbox 0 0 2076 5659">
    <p class='ocr_par' dir='ltr' id='par_1_15' title="bbox 0 0 2076 5659">
     <span class='ocr_line' id='line_1_40' title="bbox 0 0 2076 5659; baseline 0 6"><span class='ocrx_word' id='word_1_302' title='bbox 0 0 2076 5659; x_wconf 95' lang='lat' dir='ltr'> </span> 
     </span>
    </p>
   </div>
  </div>
 </body>
</html>
