4142 5659
619 675 668 732 lo
686 676 722 732 n
738 674 931 732 crusnam
949 673 995 730 ar
1014 639 1168 730 lavican
1184 674 1293 731 1111111
1310 675 1330 731 1.
1509 681 1547 746 17

397 849 1177 935 cum...etiam...roge..‚doleas..:
1208 854 1357 913 ent...
1386 851 1545 915 item...

373 975 377 985 ’
398 1003 565 1017 .......
586 952 609 1037 11
640 953 689 1015 De
704 954 817 1043 funere
845 951 981 1038 [quoque
998 952 1179 1038 adldamus:
1204 952 1286 1014 sciat
1301 952 1424 1015 familia
1441 975 1546 1035 quem-

397 1055 569 1117 admodum
596 1044 722 1136 lugeat:
758 1053 851 1116 aliter
884 1053 1014 1137 plangit
1047 1075 1156 1116 servus
1184 1053 1399 1116 manumissus
1406 1104 1414 1135 ,
1454 1054 1548 1118 aliter

397 1156 499 1219 eliens
521 1156 632 1219 laudat
654 1157 815 1236 vocatus2,
840 1155 934 1218 al'ter
956 1155 1077 1218 amicus
1100 1155 1227 1238 legato3
1249 1155 1434 1219 honoratus.
1465 1156 1548 1232 Quid

396 1259 539 1321 incertas
563 1260 596 1320 et
618 1277 789 1339 suspensas
812 1257 962 1339 exequias
979 1256 1073 1340 agis?
1107 1256 1259 1319 Omnium
1283 1257 1462 1321 animarum
1484 1265 1547 1323 sta-

396 1360 457 1422 tim
479 1361 712 1442 postmortem
734 1357 895 1420 hereditas
919 1361 1069 1421 cernatur
1087 1407 1526 1424 ..............
1535 1363 1548 1402 ⁴

397 1460 564 1524 hominum
592 1460 753 1523 hereditas
776 1462 850 1541 post
874 1463 1011 1522 mortem
1033 1459 1125 1542 lege⁵
1154 1459 1296 1522 defertur
1317 1461 1546 1545 praedonibus,

397 1584 436 1625 ea
458 1565 532 1645 post
553 1561 758 1645 plangitur.“

483 1663 566 1726 Puto
593 1667 698 1726 totum
725 1662 890 1746 descripsi.
936 1662 1019 1736 Quid
1047 1684 1124 1746 ergo
1153 1663 1299 1726 facerent
1326 1665 1410 1747 quod
1443 1669 1546 1730 totum

398 1787 436 1827 ac
458 1765 558 1840 mire6
580 1768 685 1827 totum
708 1785 848 1827 amarem
870 1764 1033 1827 hominem
1057 1764 1200 1827 bonum?
1232 1763 1313 1827 Vale
1328 1765 1545 1849 disertissime,

398 1866 590 1948 doctissime,
621 1866 701 1928 mihi
730 1866 903 1946 carissime,
932 1864 1125 1947 dulcissime,
1154 1867 1310 1949 magister
1335 1868 1545 1951 optatissime,

398 1968 501 2030 amice
524 1968 847 2030 desiderantissime⁷.
892 1966 1049 2030 Horatius
1078 1989 1150 2030 eum
1172 1966 1304 2029 Polione
1325 1967 1425 2031 mihi8
1447 1992 1547 2034 emor-

397 2073 473 2132 tuus
496 2072 554 2132 est.
600 2068 638 2131 ld
659 2067 823 2132 Herodes9
851 2090 918 2131 non
947 2091 1048 2152 aequo
1075 2068 1140 2130 fert
1163 2068 1280 2131 animo,
1325 2067 1407 2131 Volo
1435 2074 1472 2133 ut
1499 2072 1546 2135 illi

398 2169 518 2255 aliquid
541 2170 625 2253 quod
647 2170 688 2233 ad
709 2170 795 2233 hanc
817 2191 885 2233 rem
908 2170 1047 2232 attineat
1066 2170 1249 2252 ‘paucorum
1278 2170 1447 2233 verborum
1471 2176 1546 2236 scri-

398 2271 467 2334 bas.
512 2269 644 2354 Semper
666 2270 746 2335 vale.
932 2294 976 2350 4·

784 2407 868 2474 vn.
899 2365 1052 2473 nomini
1074 2407 1162 2472 neo.

484 2526 616 2610 Accepi,
641 2527 768 2610 Caesar,
793 2528 918 2591 litteras
941 2531 1024 2611 tuas,
1052 2527 1166 2610 quibus
1189 2530 1309 2610 quanto
1331 2548 1426 2610 opere
1448 2528 1547 2594 laeta·

485 2687 499 2734 1
517 2680 631 2734 Uncinis
647 2679 754 2734 inclusa
772 2671 884 2750 reposui
902 2680 936 2733 de
955 2680 1116 2734 coniectura
1127 2695 1183 2732 non
1196 2679 1346 2732 admodum
1359 2684 1443 2734 certa.
1471 2682 1548 2736 Haec

396 2769 457 2820 fere
476 2764 685 2834 distinguuntur
702 2766 731 2817 in
750 2764 863 2818 Codice:
882 2764 1026 2819 AIOICUE
1040 2797 1057 2817 -.
1093 2764 1195 2832 Incipit
1213 2763 1278 2818 Cod.
1299 2764 1426 2819 Ambros.
1446 2784 1472 2835 p.
1487 2773 1528 2820 58.

484 2857 499 2903 2
519 2849 624 2904 Codex:
643 2845 818 2904 lurcdodcntus.

484 2943 500 2989 3
519 2934 612 2988 Codex
630 2942 706 3004 lupar.
740 2934 867 2988 Correxit
884 2934 1025 2988 Vahlenus
1045 2934 1092 3002 qui
1109 2933 1138 2985 in
1157 2933 1391 2987 commentatione
1404 2935 1438 2988 de
1448 2936 1549 2990 Naevii

397 3019 523 3089 reliquiis
541 3027 595 3088 psl
615 3020 766 3073 admodum
783 3019 926 3089 ingeniose
944 3019 1106 3088 scripserat:
1130 3024 1169 3070 De
1190 3022 1283 3083 funere
1301 3031 1383 3072 autem
1401 3027 1463 3073 ninii
1479 3044 1548 3075 arean-

398 3114 501 3159 dnnrus:
521 3110 624 3171 seinis.
645 3127 668 3174 q.
689 3111 811 3159 dominum
829 3112 928 3171 tepent:
951 3125 975 3160 a.
992 3126 1019 3171 p.
1037 3124 1058 3159 s.
1078 3125 1123 3169 na,
1142 3124 1166 3158 a.
1186 3109 1265 3155 cliens
1287 3110 1440 3171 adoptatus,
1471 3114 1549 3160 aliter

397 3198 493 3244 unricus
511 3198 595 3258 deputo
613 3195 775 3252 honoratus,
799 3190 874 3244 laud.
894 3189 1013 3242 Callistr.
1032 3187 1261 3256 Dig.48.10.1s.
1301 3187 1377 3240 Nihil
1400 3192 1496 3243 tamen
1519 3192 1548 3242 in

397 3277 441 3328 his
459 3292 574 3344 prorsus
593 3277 700 3328 certum
717 3276 831 3344 praeter
848 3281 941 3342 [epoto.

484 3367 501 3413 4
517 3359 569 3413 Hic
586 3359 675 3413 Maius
692 3360 750 3412 fere
768 3358 837 3412 nihil
855 3359 933 3412 vidit.
961 3360 998 3412 du
1014 3358 1098 3411 Rieu:

891 3443 1011 3497 CERNA

672 3529 990 3584 runourmmnm.
1007 3570 1012 3580 .
1027 3570 1032 3579 .
1049 3571 1054 3579 .
1069 3511 1113 3579 co

673 3612 982 3667 TRAINTERFICIET

672 3697 1009 3752 EBUSUNCUESTECN
1024 3740 1028 3750 .
1045 3741 1050 3748 .
1067 3740 1071 3748 .

672 3762 757 3871 AYCIB
771 3806 777 3816 ·
791 3782 1032 3838 PINNAEOIOCJ.
1049 3825 1054 3834 .
1070 3822 1075 3832 .
1094 3787 1224 3834 leoninam.

487 3894 502 3940 5
521 3885 626 3939 Codex:
645 3884 741 3950 ACEI,
760 3886 791 3937 ut
807 3885 963 3938 videbatur.

489 3977 503 4023 6
522 3970 626 4024 Codex:
645 3962 811 4025 illumne.
848 3971 873 4021 A
892 3973 1022 4035 corrupto
1041 3966 1102 4019 loco
1120 3967 1207 4019 malui
1225 3967 1365 4020 abstinere
1383 3986 1489 4021 manus.

489 4062 502 4108 7
521 4055 606 4124 Vulgi
624 4055 724 4108 vitiosa
741 4052 944 4123 pronunciatio.
979 4051 1127 4103 Frontonis
1145 4050 1201 4104 iam
1221 4053 1313 4104 aetate
1331 4052 1405 4119 ipsos
1424 4053 1548 4105 rhetores

400 4140 473 4194 adeo
491 4140 621 4194 mendose
639 4139 756 4194 verbum
774 4137 927 4206 scripsisse,
946 4136 1013 4187 mihi
1031 4134 1077 4188 vix
1095 4134 1242 4203 quisquam
1259 4136 1436 4203 persuadeat.
1468 4141 1548 4189 Hein-

400 4232 506 4292 dorfius.

488 4315 503 4361 8
521 4309 553 4362 In
572 4308 684 4363 Codice:
704 4313 831 4363 Horatiis
844 4338 874 4347 -
888 4314 946 4362 ruini
964 4305 1089 4361 evanida.
1119 4306 1238 4374 Propter
1255 4304 1359 4357 Maium
1377 4318 1478 4357 moneo
1496 4306 1549 4359 hoc
1568 4294 1570 4298 ’

400 4392 558 4464 significare
574 4394 700 4467 Marcum
718 4411 746 4447 se
766 4393 917 4446 deseruisse
935 4392 1046 4445 Horatii
1064 4390 1193 4443 studium.
1227 4388 1327 4442 Confer
1345 4387 1446 4441 similia
1462 4390 1549 4442 verba

400 4481 477 4533 infra
494 4477 580 4548 Epist.
600 4478 638 4532 ad
655 4479 691 4532 M.
707 4478 783 4532 Caes.
803 4478 836 4530 Π.
854 4485 892 4531 10.
937 4477 1062 4529 Pollione
1080 4493 1159 4527 usum
1182 4489 1241 4525 esse
1260 4473 1443 4540 grammatico
1461 4473 1548 4526 latino

399 4564 438 4617 M.
450 4563 593 4617 Aurelium
615 4564 712 4617 scribit
735 4562 907 4630 Capitolinus
928 4561 957 4613 in
978 4562 1045 4614 vita.
1086 4558 1222 4612 Videatur
1240 4549 1376 4623 Bergkiirs
1402 4558 1431 4609 in
1453 4557 1548 4610 Diario

399 4649 545 4715 Marburg.
566 4654 640 4701 1845.
659 4667 686 4718 p.
701 4655 758 4702 119.

488 4739 503 4786 9
522 4731 573 4796 Qui
591 4733 715 4786 Marcum
734 4731 770 4786 ad
789 4749 920 4801 graecam
939 4731 1126 4803 eloquentiam
1144 4727 1271 4783 instituit.

437 4854 538 4891 raons.
553 4855 587 4889 er
600 4855 700 4892 aunan.
715 4855 805 4890 arrsr.
1326 4818 1346 4879 2
