4142 5659
500 672 541 734 aa
610 659 612 662 ‘
715 669 750 724 n.
765 667 935 726 acanum
952 665 1160 725 recursans
1178 665 1433 737 uersruaaaun

501 864 579 924 opus
602 844 650 906 est
672 843 704 907 et
724 841 958 906 familiaritate:
988 842 1062 926 quia
1093 842 1209 906 fiducia
1236 842 1315 906 mihi
1344 842 1461 924 defuit,
1491 863 1528 904 eo
1550 862 1646 925 quem

500 946 668 1028 tantopere
696 945 886 1026 venerabar,
921 965 987 1008 non
1015 966 1086 1007 sum
1120 966 1215 1007 ausus
1245 943 1388 1027 diligere.
1439 943 1646 1006 Antoninum

500 1069 584 1127 vero,
608 1050 645 1109 ut
667 1045 775 1128 solem,
792 1049 836 1130 ¹ut
858 1046 951 1128 diem,
976 1049 1013 1109 ut
1034 1047 1145 1127 vitam,
1176 1048 1213 1109 ut
1235 1045 1395 1128 spiritum,
1425 1067 1506 1127 am0,
1532 1044 1643 1128 diligo,

501 1148 601 1211 amari
623 1170 673 1211 me
697 1148 737 1211 ab
760 1170 796 1211 eo
825 1148 938 1211 sentio
983 1147 1081 1210 Hunc
1108 1147 1171 1210 nisi
1199 1149 1245 1210 ita
1274 1147 1405 1228 laudo¹,
1441 1149 1476 1210 ut
1503 1147 1646 1210 laudatio

500 1271 571 1313 mea
592 1271 659 1312 non
681 1249 715 1312 in
738 1250 830 1312 Actis
855 1248 991 1313 Senatus
1020 1249 1167 1313 abstrusa
1197 1249 1313 1331 lateat,
1348 1248 1403 1312 sed
1431 1247 1466 1311 in
1495 1248 1645 1310 manibus

500 1351 666 1414 hominum
688 1351 850 1434 oculisque
872 1353 1026 1432 versetur,
1051 1351 1199 1433 ingratus
1215 1372 1284 1413 sum
1302 1351 1399 1413 etiam
1414 1350 1564 1413 adversus
1580 1351 1644 1412 te2.

500 1453 592 1535 Tum,
617 1453 700 1536 quod
717 1459 884 1517 'cursorem
905 1452 1077 1536 fugitivom
1103 1452 1213 1516 ferunt
1241 1453 1375 1515 dixisse:
1405 1452 1533 1515 domino
1556 1474 1646 1515 sexa-

501 1576 586 1638 gena
610 1555 785 1636 currebam,
810 1554 888 1616 mihi
903 1557 1048 1636 centena,
1073 1553 1129 1617 ut3
1151 1553 1275 1637 fugiam
1292 1555 1471 1636 curram³43
1495 1576 1555 1637 ego
1570 1576 1647 1637 quo-

500 1678 561 1739 que
592 1678 687 1739 quom
719 1655 920 1718 Hadrianum
951 1656 1137 1737 laudabam,
1171 1655 1298 1718 domino
1333 1655 1515 1738 currebam,
1552 1655 1647 1718 hodie

501 1761 608 1821 autem
629 1755 709 1819 mihi
733 1779 839 1839 curro,
862 1756 957 1839 mihi,
981 1758 1130 1840 inquam,
1159 1778 1292 1839 meoque
1314 1756 1447 1841 ingenio
1469 1756 1554 1820 hanc
1577 1779 1646 1819 ora-

501 1861 622 1939 tionem
645 1859 819 1922 conscribo.
859 1858 911 1921 Ad
933 1881 1040 1922 meum
1061 1859 1161 1942 igitur
1185 1859 1383 1921 commodum
1405 1855 1524 1922 faciam
1546 1858 1644 1941 lente,

501 1961 612 2042 otiose,
638 1959 820 2024 clementer.
865 1959 915 2022 Tu
937 1960 964 2023 si
987 1963 1019 2023 et
1041 1960 1134 2024 valde
1156 1981 1319 2042 properaS,
1344 1959 1438 2022 aliter
1460 1963 1492 2022 te
1514 1959 1646 2022 interim

502 2062 641 2126 oblecta:
667 2062 757 2124 basia
779 2065 904 2145 patrem
926 2065 1033 2144 tuum,
1059 2062 1266 2144 amplectere,
1298 2065 1459 2144 postremo
1481 2061 1552 2144 ipse
1573 2083 1646 2124 eum

501 2163 605 2226 lauda.
651 2163 799 2228 Ceterum
822 2163 949 2247 quidem
966 2164 1011 2226 'in
1040 2163 1110 2226 idus
1137 2167 1290 2247 augustas
1313 2163 1373 2226 tibi
1396 2163 1647 2245 exspectandum

502 2269 565 2349 est,
595 2266 818 2348 utquidvis⁵
841 2265 1003 2349 qualevis
1027 2264 1147 2327 audias.
1185 2264 1281 2346 Vale,
1306 2263 1438 2346 Caesar,
1467 2267 1499 2328 et
1521 2269 1648 2348 patrem

501 2389 694 2451 promerere,
718 2370 750 2432 et
772 2368 799 2431 si
822 2366 897 2453 quid
920 2367 1057 2432 scribere
1080 2366 1143 2448 vis,
1168 2366 1254 2433 lente
1277 2366 1408 2430 scribess.

709 2623 763 2688 ΙΙ.
793 2622 841 2688 lli
864 2622 1000 2688 Fronto
1024 2622 1155 2689 Consul
1176 2620 1437 2704 Amplissime.⁷

587 2776 703 2839 Manus
726 2777 776 2857 do,
799 2776 920 2840 vicisti:
953 2778 989 2839 tu
1012 2775 1108 2858 plane
1130 2775 1250 2856 omnis,
1275 2774 1329 2858 qui
1351 2797 1503 2857 umquam
1527 2777 1648 2837 amatu-

417 2868 420 2873 *
502 2900 552 2941 res
579 2879 739 2960 fuerunt,
763 2877 870 2940 vicisti
900 2878 1047 2941 amando,
1102 2876 1188 2959 Cape
1217 2898 1383 2958 coronam,
1421 2879 1516 2959 atque
1550 2877 1649 2939 etiam

502 2980 617 3062 praeco
650 2978 837 3062 pronuntiet
864 2979 971 3062 palam
998 3000 1057 3062 pro
1091 2981 1146 3040 tuo
1172 2977 1327 3041 tribunali
1356 2976 1523 3041 victoriam
1551 2977 1648 3040 istam

503 3085 606 3144 tuam:
641 3083 680 3146 M.
699 3083 873 3160 Κορνήλιος
896 3083 1051 3161 Φρόντων
1080 3081 1200 3145 ὕπατος
1229 3085 1315 3163 νικᾷ,
1348 3085 1560 3159 (τεφανοῦται
1589 3083 1647 3145 τὸν

502 3183 613 3259 ἀγῶνα
628 3189 693 3249 τῶν
709 3186 856 3263 μεγάλων
873 3185 1077 3264 (palmacium.
1105 3183 1151 3245 At
1166 3202 1236 3265 ego,
1260 3203 1453 3264 quamquam
1467 3184 1647 3264 superatus,

502 3288 611 3348 tamen
632 3284 714 3348 nihil
737 3285 775 3348 de
790 3307 861 3348 mea
875 3284 1079 3367 prothymiab
1103 3283 1266 3346 decessero
1282 3286 1338 3345 aut
1353 3283 1507 3346 defecero.
1542 3282 1649 3367 Igitur

588 3493 656 3543 ala
673 3493 797 3555 rnarpine:
821 3486 922 3540 Cursor
940 3485 1074 3553 fugitivus
1094 3485 1174 3539 dixit:
1199 3503 1340 3555 sexagena
1358 3484 1469 3538 domino
1489 3486 1647 3562 currebam

503 3591 550 3627 our
567 3572 636 3626 mihi
653 3574 771 3627 centena
788 3589 843 3625 non
863 3588 951 3635 curru,
969 3571 1000 3623 ut
1017 3570 1140 3639 sumam?

587 3658 606 3710 b
624 3661 659 3710 In
676 3662 801 3725 marpiaet
819 3654 1021 3710 Delectatione.

589 3885 602 3931 1
623 3877 687 3932 Cod.
707 3895 749 3946 pr.
768 3895 804 3930 m.
824 3883 926 3930 laudavi
943 3877 972 3931 et
990 3892 1059 3930 corr.
1078 3883 1164 3932 laudo.

588 3971 603 4016 ⁶2
622 3964 765 4016 Fortasse:
785 3967 835 4015 nisi
850 3969 887 4015 ita
904 3962 1026 4016 laudabo
1045 3993 1078 4000 -
1095 3969 1210 4030 inpratus
1229 3961 1288 4014 sim.
1329 3961 1501 4031 Schopenus:
1524 3967 1650 4015 adversus

502 4070 547 4102 rire.
584 4048 657 4101 Nam
676 4053 744 4116 quod
761 4068 782 4100 c.

588 4141 604 4186 3
623 4132 688 4186 Coo.
708 4150 749 4200 pr.
769 4151 804 4186 m.
825 4143 876 4185 ant.

587 4224 604 4270 4
622 4216 740 4270 Orellius
758 4216 901 4270 emendat:
920 4238 969 4271 non
988 4237 1097 4272 currmn.

589 4300 753 4356 bOrellius:
773 4308 902 4371 quodvis.
965 4312 967 4315 ’

589 4393 604 4440 6
621 4387 697 4440 Haeo
713 4388 857 4456 postrema
878 4386 1009 4454 leguntur
1027 4385 1093 4438 Cod.
1111 4384 1175 4438 Vat.
1195 4403 1221 4453 p.
1238 4390 1299 4452 159,
1326 4386 1375 4439 sed
1398 4385 1502 4439 amicus
1524 4385 1650 4453 neglexit

505 4472 647 4537 adnotare,
665 4471 713 4524 ubi
728 4471 851 4540 incipiat.
1363 4510 1365 4513 ψ
1691 4532 1697 4537 .

590 4563 604 4610 7
623 4556 723 4624 Incipit
742 4555 808 4610 Cod.
821 4554 910 4608 Vatic.
930 4573 957 4623 p.
974 4560 1029 4607 174.
1067 4557 1108 4607 Τὸ
1126 4561 1159 4607 mi
1176 4554 1307 4609 scribitur
1323 4554 1425 4608 litteris
1443 4555 1596 4622 inclinatis,
1619 4559 1651 4609 ut

505 4640 638 4709 marginis
650 4641 790 4694 lemmata.
810 4639 893 4694 Vocis
905 4644 1000 4692 Fronto
1018 4638 1115 4692 videor
1132 4639 1200 4692 mihi
1218 4657 1331 4693 cernere
1354 4639 1468 4707 aliquod
1490 4639 1648 4709 vestigium.

506 4728 546 4779 Τὸ
564 4732 650 4780 consul
667 4726 728 4793 ipse
747 4724 871 4794 suppleo.
910 4724 1057 4778 Postrema
1075 4739 1128 4776 vox
1147 4723 1354 4777 evidentissima
1372 4725 1423 4778 cst.
1458 4729 1552 4783 Maius.
