4142 5659
620 687 669 756 lo
686 700 723 756 M.
743 684 936 757 clusinum
954 704 1001 757 nr
1019 686 1173 756 1111191111
1189 684 1297 756 misma
1314 687 1374 755 un.
1538 688 1578 767 oi

427 874 606 939 Praeterea
627 875 721 940 multi
743 875 818 939 libri
841 874 944 938 linitei
956 876 975 957 ¹,
1000 874 1084 958 quod
1106 874 1146 937 ad
1164 895 1256 937 sacra
1271 873 1425 936 adtinetss.
1454 872 1578 936 Deinde

430 978 467 1041 in
490 981 585 1061 porta
610 1000 682 1042 cum
705 976 857 1058 eximusl,
881 977 927 1040 ibi
950 978 1105 1059 scriptum
1121 979 1190 1040 erat
1212 975 1362 1038 bifariam
1384 975 1445 1039 sic:
1466 983 1579 1054 flamen

431 1081 533 1144 sume³
557 1090 734 1144 somenam.
779 1077 906 1162 Rogavi
929 1078 1068 1162 aliquem
1091 1101 1129 1141 ex
1157 1077 1376 1161 popularibus,
1401 1076 1477 1160 quid
1499 1075 1579 1139 illud

431 1182 565 1246 verbum
589 1180 695 1245 esset?
718 1181 776 1243 Ait
798 1180 911 1264 lingua
926 1180 1059 1244 hernica
1081 1179 1264 1263 pelliculam
1282 1179 1320 1242 de
1342 1178 1458 1261 hostia,
1483 1200 1579 1261 quam

431 1285 466 1347 in
496 1283 621 1367 apicem
649 1283 760 1345 sunm⁴
798 1281 916 1344 flamen
951 1303 1023 1345 cum
1055 1283 1090 1344 in
1123 1282 1236 1345 urbem
1268 1281 1411 1344 introeat
1439 1279 1577 1363 inponit.

380 1444 382 1449 .
432 1384 537 1448 Multa
559 1385 638 1448 adeo
661 1383 724 1446 alia
746 1383 915 1447 didicimus
938 1405 1019 1466 quae
1041 1383 1194 1446 vellemus
1218 1384 1314 1447 scire:
1344 1404 1455 1446 verum
1476 1383 1510 1445 id
1531 1391 1579 1444 ‘so-

431 1487 499 1550 lum
522 1489 571 1550 est
598 1486 681 1569 quod
709 1485 859 1567 nolimus,
891 1506 963 1548 cum
984 1488 1021 1548 tu
1044 1507 1063 1547 a
1090 1484 1184 1547 nobis
1213 1484 1305 1548 abes:
1339 1506 1376 1547 ea
1397 1483 1491 1548 nobis
1514 1506 1579 1546 ma-

432 1590 518 1651 xima
546 1587 728 1651 sollicitudo
756 1590 814 1650 est.
851 1586 948 1650 Nunc
980 1589 1016 1649 tu
1043 1589 1213 1670 postquam
1239 1586 1314 1649 inde
1341 1587 1504 1669 profectus
1534 1606 1578 1668 ea,

431 1694 582 1754 utrumne
605 1690 639 1752 in
662 1688 829 1752 Aureliam
852 1690 912 1751 an⁵
940 1689 974 1751 in
998 1687 1208 1771 Campaniam
1231 1686 1352 1751 abisti?
1379 1688 1431 1752 fae
1458 1687 1580 1751 scribas

431 1792 528 1855 mihi:
557 1795 590 1854 et
612 1813 654 1854 an
684 1790 861 1854 vindemias
889 1789 1102 1872 inchoaveris,
1133 1792 1165 1853 et
1194 1812 1236 1853 an
1269 1789 1309 1852 ad
1337 1789 1446 1853 villam
1473 1788 1580 1851 multi·
1660 1790 1663 1796 '

431 1894 578 1957 tudinem
600 1892 756 1982 librorum
781 1892 910 1978 tuleris3
944 1894 977 1954 et
998 1890 1078 1953 illud
1108 1912 1232 1975 quoque
1260 1914 1303 1955 an
1330 1913 1382 1954 me
1405 1891 1580 1973 desideres3

433 1995 518 2078 quod
541 2015 601 2078 ego
619 1993 645 2078 1⁶
661 1993 759 2058 stulte
782 1995 908 2078 requiro
931 1992 1047 2077 quom⁷
1069 1995 1106 2056 tu
1128 2014 1186 2076 per
1202 1995 1235 2056 te
1257 1992 1348 2056 facis.
1372 1992 1468 2088 Nunc
1482 1996 1529 2076 tu,
1554 1993 1580 2055 si
1679 2070 1682 2075 f

431 2117 483 2159 me
510 2094 671 2159 desideras
696 2096 798 2179 adque
822 2096 849 2158 si
871 2108 932 2158 me·
946 2116 1061 2176 amas,-
1089 2093 1214 2156 litteras
1242 2095 1339 2157 tuas⁸
1372 2095 1413 2157 ad
1434 2117 1485 2158 me
1518 2094 1580 2157 fre-

432 2200 568 2281 quentes
583 2197 704 2280 mittes,
730 2197 813 2280 quod
834 2195 914 2259 mihi
930 2196 1084 2260 solacium
1102 2197 1204 2280 adque
1218 2194 1398 2258 fomentum
1420 2197 1471 2260 sit.
1495 2195 1580 2259 Nam

433 2298 544 2362 decem
566 2299 713 2382 partibus
736 2300 808 2361 tuas
830 2297 956 2361 litteras
978 2298 1086 2381 legere
1114 2296 1225 2361 malim
1246 2319 1342 2380 quam
1364 2319 1474 2361 omnes
1496 2297 1580 2360 Mar·

433 2400 516 2463 sicos
539 2402 595 2462 aut
618 2399 786 2464 Gauranos
808 2398 974 2483 palmites:
998 2421 1075 2462 nam
1098 2398 1227 2484 Signini
1249 2399 1377 2482 quidem
1399 2399 1454 2463 isti
1483 2400 1580 2463 nimis

432 2501 582 2566 rancidos
604 2523 748 2565 racemos
765 2504 797 2565 et
818 2500 924 2565 acidos
941 2501 1051 2565 acinos
1073 2501 1211 2584 habent3
1234 2500 1317 2584 quod
1338 2501 1448 2565 vinum
1470 2502 1581 2566 malim

333 2646 335 2658 ·
433 2625 530 2688 quam
549 2606 692 2667 mustum
713 2604 833 2667 bibere.
864 2602 1036 2667 Praeterea
1058 2603 1137 2666 istas
1160 2603 1240 2666 ubas
1262 2601 1364 2668 multo
1388 2605 1581 2667 commodius

433 2726 545 2788 passas
568 2727 665 2788 quam
691 2706 827 2789 puberes
854 2705 1085 2769 manducares:
1113 2726 1191 2767 nam
1216 2705 1361 2788 profecto
1388 2706 1499 2769 malim
1522 2728 1581 2769 eas

434 2809 569 2891 pedibus
604 2807 728 2872 calcare
761 2829 857 2891 quam
894 2807 1044 2871 dentibus
1079 2828 1229 2870 comesse.
1284 2805 1346 2870 Sed
1374 2809 1483 2872 tamen
1510 2829 1582 2892 pro·

433 2910 533 2993 pitiae
555 2909 764 2994 placataeque
786 2909 863 2991 sint,
897 2910 929 2972 et
956 2907 1036 2976 mihi
1063 2929 1122 2992 pro
1149 2908 1220 2971 istis
1242 2908 1435 2972 iocularibus
1462 2909 1582 2973 bonam

433 3012 561 3075 veniam
583 3011 685 3074 duint.
714 3009 795 3074 Vale
816 3010 896 3072 mihi
919 3010 1013 3073 homo
1036 3009 1238 3092 amicissime,
1263 3009 1459 3093 suavissime,
1483 3011 1580 3075 diser·

434 3096 748 3195 tissimeJmagister
771 3097 963 3175 dulcissime.
992 3149 1034 3159 —-
1057 3109 1160 3184 Quom
1181 3110 1304 3173 videbis
1337 3111 1372 3173 in
1401 3111 1485 3174 dolio
1513 3135 1580 3175 mu·
1664 3096 1666 3099 ⁵

436 3217 521 3277 stum
542 3213 684 3296 fervere,
718 3213 754 3276 in
782 3216 926 3276 mentem
947 3212 1007 3276 tibi
1037 3212 1158 3294 veniat,
1193 3210 1272 3274 mihi
1304 3212 1350 3274 sic
1382 3212 1418 3274 in
1451 3215 1580 3296 pectore

434 3318 526 3378 tuum
550 3314 741 3378 desiderium
764 3318 887 3378 scatere
910 3317 943 3378 et
965 3314 1128 3377 abundare
1150 3316 1183 3377 et
1198 3334 1327 3396 spumas
1340 3313 1471 3378 1119919.ο
1494 3313 1580 3378 Sem·

435 3438 493 3500 per
514 3415 595 3480 vale.

520 3637 538 3673 a
556 3623 589 3672 In
607 3623 733 3686 marpine:
752 3617 784 3671 In
802 3618 869 3673 alio:
890 3619 1020 3688 pertinet.
1050 3636 1052 3639 ’

520 3706 591 3757 bIn
608 3709 734 3771 marpiner
755 3745 760 3756 .
780 3747 786 3758 .
807 3747 812 3757 .
831 3734 840 3757 =.
861 3745 866 3757 .
885 3721 981 3772 passas
999 3720 1067 3758 uvas
1085 3718 1169 3772 quam
1188 3744 1354 3758 .......
1368 3703 1545 3760 manducare.
1572 3701 1578 3710 '

522 3793 588 3842 eIn
605 3794 730 3857 rnarpine:
750 3785 840 3852 Quom
857 3788 964 3842 videbis
983 3817 1016 3828 -—
1034 3789 1135 3842 facere.
1172 3788 1283 3855 (litteris
1301 3789 1445 3859 fugitivis.)

436 3911 639 3921 n———ffl—

522 4000 535 4046 1
553 3993 598 4047 Ita
616 3988 717 4047 Codex.

520 4085 536 4131 2
554 4065 617 4132 Ρ10“
628 4083 743 4132 extimus.
782 4080 897 4133 Orellios.

521 4169 537 4216 3
556 4156 646 4231 Super
664 4161 791 4216 additum
808 4162 837 4214 in
856 4157 964 4215 Codice.
1038 4209 1041 4215 .

521 4253 536 4300 4
556 4245 623 4300 Ood.
646 4247 674 4299 in
696 4248 776 4299 textu
795 4266 885 4313 pacem
906 4266 989 4307 surum·
1019 4244 1079 4299 tum
1101 4240 1129 4299 in
1151 4241 1277 4314 margine
1300 4240 1398 4301 scribit
1420 4243 1582 4304 scholiastes

435 4331 498 4386 olibi
514 4335 540 4385 in
558 4340 668 4400 opicae,
696 4348 767 4398 quae
790 4330 869 4383 unice
891 4330 973 4384 lectio
998 4347 1064 4384 vera
1086 4332 1135 4383 est.
1177 4330 1216 4383 Cf.
1235 4330 1315 4383 Dion.
1335 4331 1397 4384 Hal.
1416 4333 1480 4388 Ant.
1499 4335 1580 4389 Rom.

435 4416 509 4483 Ι,80,
545 4417 641 4470 Maius.

520 4497 625 4554 oAdd.
645 4515 698 4554 sec.
718 4513 754 4554 m.

522 4591 538 4638 6
555 4585 657 4655 Incipit
674 4585 741 4654 Cod.
760 4583 823 4639 Vat.
842 4599 870 4654 p.
886 4590 941 4638 156.

522 4673 536 4723 7
557 4669 623 4724 Cod.
642 4686 695 4723 sec.
713 4684 750 4723 m.
770 4676 845 4740 quod.

521 4754 627 4808 sudu.
646 4770 699 4808 sec.
718 4772 754 4830 m.
