4142 5659
567 676 749 731 FRONTON.
768 678 817 731 AD
836 679 872 730 M.
894 678 1115 734 ANTONINUM
1133 681 1180 734 DE
1201 681 1441 746 ELOQUENTIA.
1519 688 1578 750 139
1672 757 1679 765 ‚

647 1152 717 1235 (Μ.
747 1153 1019 1237 CORNELII
1048 1158 1360 1240 FRONTONIS

544 1307 610 1379 AD
637 1308 685 1380 M.
713 1307 1005 1380 ANTONINUM
1030 1309 1094 1381 DE
1120 1311 1466 1405 subobscurat)

675 1490 707 1555 1.
754 1490 951 1576 (Antonino
973 1489 1137 1576 Augusto
1159 1494 1323 1578 Fronto.)

430 1675 606 1688 ......
634 1625 657 1707 [²
682 1675 687 1688 .
715 1676 720 1688 .
748 1677 754 1689 .
782 1677 787 1689 .
815 1677 821 1689 .
853 1627 986 1690 castella
1012 1629 1196 1708 verborum,
1227 1631 1439 1695 conciliabula
1466 1633 1576 1696 verbo-

428 1749 501 1790 rum
522 1727 602 1810 loco,
627 1728 763 1811 gradus,
787 1729 946 1811 pondera,
971 1732 1094 1793 aetates
1101 1780 1110 1813 ,
1134 1731 1373 1816 dignitatesque
1395 1734 1574 1797 dinoscere:

427 1851 470 1892 ne
497 1829 532 1890 in
561 1828 707 1892 oratione
734 1833 956 1913 praepostere,
991 1833 1027 1894 ut
1056 1831 1091 1894 in
1118 1833 1294 1897 temulento
1323 1857 1360 1898 ac
1388 1836 1575 1917 perturbato

429 1929 586 2011 convivio,
612 1930 854 1995 conlocentur³t
877 1954 958 2016 quae
973 1933 1058 1996 ratio
1080 1934 1122 1996 sit
1144 1934 1241 1997 verba
1264 1936 1451 2018 geminandi
1473 1941 1506 2001 et
1527 1938 1575 2001 in-

427 2031 555 2094 terdum
569 2031 816 2115 trigeminandi,
841 2053 1085 2118 nonnumquam
1105 2037 1347 2120 quadriplicia4,
1372 2059 1467 2120 saepe
1483 2039 1574 2121 quin-

428 2133 519 2216 quies
542 2136 597 2196 aut
620 2155 657 2196 eo
679 2135 816 2217 amplius
839 2135 1000 2217 superlata
1021 2137 1178 2218 ponendi:
1215 2159 1256 2200 ne
1283 2138 1404 2202 frustra
1426 2161 1507 2202 neve
1529 2144 1575 2203 te-

427 2255 515 2297 mere
537 2235 707 2298 verborum
736 2239 840 2299 strues
869 2239 1094 2319 acervanturss,
1125 2239 1180 2301 sed
1207 2241 1244 2302 ut
1273 2243 1360 2303 certo
1388 2262 1425 2303 ac
1454 2241 1575 2304 sollerti

427 2336 577 2399 termino
589 2336 753 2400 uniantur.
1266 2375 1268 2378 ⁴

513 2437 592 2502 Post
612 2439 676 2502 ista
691 2439 799 2502 omnia
815 2439 1020 2524 investigata,
1046 2441 1257 2523 examinata5,
1282 2441 1445 2524 distincta,
1469 2443 1573 2526 finita,

429 2540 574 2623 cognita:
597 2541 766 2604 verborum
787 2541 939 2623 omnium,
964 2544 1001 2604 ut
1021 2543 1068 2605 ita
1089 2542 1233 2624 dixerim,
1251 2544 1317 2606 'de⁶
1340 2545 1467 2627 popu10,
1492 2545 1576 2609 sicut

514 2765 582 2814 alo
599 2767 726 2829 margine.-
754 2760 796 2814 Ne
814 2761 920 2823 temere
938 2778 974 2814 ne
992 2763 1097 2815 frustra
1120 2763 1268 2816 verborum
1291 2765 1380 2818 strues
1398 2745 1573 2819 acerbentur.

515 2954 528 3000 1
548 2947 707 3015 Sequuntur
719 2947 833 3024 ¹aliquot
850 2948 925 3013 folia,
944 2964 1063 3014 quorum
1080 2949 1163 3003 series
1180 2965 1236 3003 non
1255 2951 1337 3004 certis
1355 2951 1528 3019 argumentis
1547 2953 1576 3005 et

428 3031 535 3086 indiciis
549 3033 644 3101 potest
656 3031 773 3085 restitui.
797 3032 887 3085 Maius
899 3032 928 3085 in
947 3032 1069 3086 editione
1086 3032 1264 3101 negligenter
1282 3051 1341 3088 rem
1359 3035 1574 3101 administravit,

429 3117 477 3184 qui
497 3115 565 3171 folia
586 3115 728 3170 interdum
750 3115 791 3169 ita
813 3116 982 3185 disposuerit
1003 3118 1035 3170 ut
1056 3134 1142 3169 unum
1163 3117 1259 3170 folium
1281 3117 1355 3172 inter
1377 3118 1446 3172 duos
1464 3121 1574 3185 quater-

427 3201 523 3255 niones
542 3200 762 3254 distribueretur.
800 3198 880 3263 Quod
903 3200 980 3267 dedi,
1007 3200 1126 3270 explicui
1147 3200 1177 3253 in
1199 3202 1420 3270 Prolegomenis;
1452 3205 1573 3257 concedo

428 3303 483 3339 non
506 3285 600 3340 omnia
620 3283 650 3336 in
674 3301 707 3338 ea
730 3283 911 3353 dispositione
931 3302 991 3339 esse
1010 3284 1174 3350 certissima,
1198 3286 1247 3340 sed
1269 3287 1364 3340 tamen
1387 3287 1455 3340 mihi
1477 3288 1574 3343 videor

429 3369 572 3436 aliquanto
589 3367 705 3437 propius
724 3368 760 3421 ad
772 3368 922 3423 veritatem
935 3369 1090 3423 accessisse.
1116 3369 1240 3422 Titulum
1253 3371 1301 3437 qui
1318 3370 1347 3423 in
1366 3370 1467 3425 Codice
1486 3372 1573 3439 deest,

429 3452 514 3506 sumsi
536 3470 553 3506 a
575 3452 662 3518 Maio,
686 3452 733 3520 qui
754 3452 939 3506 Niebuhrium
960 3452 989 3505 in
1012 3470 1046 3506 ea
1067 3471 1097 3506 re
1121 3452 1300 3519 sequebatur.
1337 3455 1399 3509 Non
1423 3456 1574 3510 admodum

429 3537 495 3591 utile
515 3539 543 3591 et
561 3538 732 3590 fructuosum
751 3553 810 3591 esse
828 3537 894 3590 duxi
913 3536 1006 3590 omnia
1022 3537 1135 3591 Malana
1153 3537 1323 3604 describere,
1347 3541 1397 3593 sed
1415 3539 1438 3593 si
1456 3540 1517 3607 quis
1534 3541 1574 3593 in-

429 3620 527 3690 spiciet
548 3639 574 3689 p.
595 3627 645 3674 126
669 3623 697 3674 et
720 3627 770 3674 238
792 3621 843 3675 Ed.
867 3623 947 3675 Rom.
971 3620 1078 3674 videbit
1100 3621 1191 3690 ipsum
1213 3621 1303 3674 virum
1326 3624 1575 3679 eminentissimum

427 3704 595 3759 intellexisse
625 3705 771 3758 turbatum
797 3706 928 3759 foliorum
945 3694 1082 3759 ‘ordinem
1105 3722 1122 3759 a
1147 3722 1176 3760 se
1206 3723 1262 3759 non
1290 3706 1450 3762 restitutum
1476 3710 1573 3775 fuisse,

428 3805 483 3856 quo
496 3790 586 3858 magis
598 3789 680 3844 venia
698 3789 792 3843 danda
810 3789 875 3856 crit,
895 3789 919 3843 si
935 3789 964 3842 in
983 3789 1150 3856 quibusdam
1168 3791 1292 3845 obscuris
1306 3791 1444 3846 etlaceris
1461 3794 1574 3862 paginis

427 3869 563 3928 ratio'me
585 3873 726 3927 interdum
744 3874 847 3942 fugisse
870 3873 1018 3928 videbitur.
1054 3875 1143 3928 Lucro
1165 3876 1261 3929 tamen
1285 3876 1389 3946 deputo
1413 3877 1488 3944 quod
1510 3893 1574 3931 mox

427 3958 456 4011 in
473 3959 597 4012 tractatu
615 3958 650 4012 de
669 3957 842 4012 orationibus
866 3959 957 4013 eluto
976 3975 1158 4027 emergcmus.

429 4040 431 4048 ’
512 4042 647 4111 2Incipit
665 4041 732 4096 Cod.
749 4061 776 4113 p.
797 4049 854 4097 404.

511 4133 527 4180 3
545 4124 622 4180 Haec
640 4126 779 4181 sententia
795 4126 894 4180 itidem
911 4127 1015 4195 legitur
1032 4129 1061 4180 in
1073 4128 1209 4196 margine.
1235 4128 1361 4196 Quinque
1375 4128 1467 4198 prima
1479 4130 1574 4195 verba,

428 4227 499 4276 quae
522 4228 605 4264 sensu
622 4228 711 4264 vacua
729 4212 839 4265 suntet
857 4213 931 4265 artes
949 4213 1060 4265 nostras
1079 4212 1206 4278 eludunt,
1230 4213 1349 4265 assumsi
1367 4229 1382 4265 e
1400 4213 1527 4281 margine
1545 4213 1573 4268 in

428 4311 482 4361 quo
501 4294 591 4348 solum
608 4295 747 4364 leguntur.
783 4294 868 4349 Errat
885 4295 974 4349 Maius
993 4295 1041 4363 qui
1058 4296 1127 4350 haec
1144 4297 1231 4350 verba
1249 4296 1278 4348 in
1290 4297 1344 4351 fine
1357 4312 1414 4362 seq.
1433 4314 1499 4366 pag.
1520 4299 1574 4351 col-

426 4379 537 4445 locavit,
557 4396 727 4446 quamquam
744 4380 836 4433 fateor
854 4395 917 4432 mea
933 4378 1003 4431 nihil
1020 4378 1164 4446 interesse,
1182 4398 1268 4448 quum
1286 4379 1331 4446 „in
1342 4380 1497 4435 temulento
1510 4397 1573 4435 con-

427 4461 517 4516 vivi0“
538 4464 624 4516 verba
641 4464 823 4532 praepostere
842 4463 1020 4518 collocentur.
1586 4457 1590 4464 ’

511 4545 709 4601 lIta·Codex.

455 4683 458 4688 .
513 4629 709 4686 5111001111.
745 4631 847 4685 Maius:
864 4637 999 4699 geminata.

512 4721 528 4768 6
545 4715 609 4768 Νο11
627 4717 747 4785 apparet
763 4716 792 4768 in
809 4717 900 4783 textu,
918 4716 967 4770 sed
984 4715 1039 4770 vid.
1059 4733 1147 4786 marg.
