4142 5659
876 642 911 696 M.
927 641 1097 696 CORNELII
1114 641 1321 697 PaoN'roma

728 1001 1113 1135 caucanam
1142 1053 1464 1135 unonroms

821 1222 1062 1294 PRINCIPIA
1088 1221 1370 1314 HlSTORIAE.)

609 1388 815 1454 DESADER

610 1491 662 1554 2Ν
686 1541 692 1554 .
717 1490 747 1555 U
768 1489 865 1555 iarn
910 1489 989 1554 CN
1011 1489 1059 1553 NI

610 1589 946 1665 anEGAsQUOD

609 1690 764 1756 sunan]

606 1946 721 2074 ΕΤ..
741 2000 809 2060 .ut
830 1998 958 2081 magnis
981 1997 1076 2059 rebus
1099 1998 1171 2086 gest
1172 1996 1199 2058 is
1221 1995 1356 2060 historia
1377 2019 1444 2059 non
1459 1996 1669 2109 indiligenter

524 2068 1168 2162 6661616366661161161661116166166616
1198 2100 1331 2160 auctura
1359 2098 1416 2180 sit3
1444 2098 1567 2161 sicut
1557 2120 1667 2182 ignem

523 2199 687 2283 quamvis4
709 2220 862 2283 magnum
885 2200 935 2263 vel
957 2200 1035 2263 levis
1059 2221 1138 2262 aura
1160 2199 1187 2262 si
1210 2197 1385 2282 adflaverit,
1409 2147 1600 2262 adiuverit?

608 2300 672 2364 Ubi
694 2301 833 2382 primurn
854 2301 955 2365 frater
975 2303 1069 2364 tuus⁵
1093 2300 1355 2364 commentarium
1377 2249 1522 2382 16166111,1
1535 2322 1604 2364 rem
1620 2322 1666 2364 co-

526 2401 635 2487 [piosc]
660 2401 798 2464 scribere
822 2402 1054 2484 adgrediemur,
1079 2402 1106 2465 si
1127 2403 1242 2465 tamen
1260 2402 1321 2465 hoc
1344 2402 1428 2485 quod
1443 2403 1575 2486 gustni⁶
1597 2399 1666 2465 mit·

522 2503 636 2586 timus,
667 2524 733 2565 non
761 2502 943 2585 displicebit
1286 2564 1288 2583 ¹
1468 2504 1592 2568 Tantas
1618 2526 1666 2567 res
1770 2507 1773 2512 ’

524 2607 597 2678 616
620 2607 738 2688 gestas,
763 2607 899 2686 quantas
923 2607 955 2666 ct
979 2603 1120 2667 Achilles
1143 2605 1279 2687 gessisse
1303 2608 1433 2688 cuperet
1455 2608 1488 2667 et
1509 2604 1666 2668 Homerus

524 2705 732 2768 scribsisse
793 2705 1120 2794 .loborationibus.
1147 2705 1293 2768 h.is..
1325 2703 1457 2793 [rurlsus
1486 2727 1599 2770 vereor
1627 2728 1665 2770 ne

523 2828 586 2889 qua
619 2805 995 2870 66611616..166011168
1019 2855 1393 2869 ............
1417 2826 1485 2870 rem
1521 2805 1691 2871 cantibus*

409 2897 413 2900 ’
524 2911 557 2971 61
577 2906 679 2991 modis
703 2907 857 2970 absonum
887 2907 980 2991 quid
984 2907 1149 2989 modulatu
1177 2886 1209 2971 61
1237 2884 1334 2971 66616
1358 2909 1566 2989 cecinerim.

526 3058 1438 3072 ............................
1449 2957 1663 3093 69...Ε6-

525 3143 727 3156 ,,,,-.....-.-..

609 3246 625 3282 6
644 3233 677 3282 In
695 3235 820 3297 morpinc:
840 3227 917 3282 Sicut
934 3228 1028 3296 ignem
1047 3258 1079 3265 —
1098 3228 1243 3282 adiuverit.

610 3425 621 3467 1
642 3415 800 3482 Sequuntur
818 3415 889 3468 dnae
907 3415 1028 3484 paginae
1048 3416 1183 3468 obscurae
1201 3419 1251 3466 264
1264 3414 1363 3478 16263,
1382 3432 1453 3482 quae
1472 3417 1615 3484 pertinent
1632 3416 1665 3470 ad

524 3487 678 3554 extremum
695 3499 797 3553 librum
815 3499 840 3551 II
860 3500 895 3552 ad
913 3499 1032 3564 Amicos,
1054 3499 1129 3552 66166
1146 3499 1304 3567 postremas
1317 3498 1450 3568 epistolas
1463 3500 1618 3555 desiderari
1635 3518 1664 3554 cx

524 3585 617 3638 Indice
636 3585 824 3652 eognovimus
861 3583 962 3651 Incipit
980 3581 1046 3636 Cod
1065 3601 1093 3651 6.
1112 3589 1170 3648 276,
1187 3582 1281 3636 lacera
1299 3583 1328 3635 61
1345 3583 1419 3636 16616
1438 3584 1606 3638 difficilis.

609 3675 624 3720 2
642 3666 744 3736 1661611
763 3668 852 3720 altera
870 3667 1006 3720 columna

609 3751 732 3805 3Maius
760 3752 866 3804 confert
891 3750 1044 3804 Lucianum
1072 3755 1198 3814 Quomodo
1223 3756 1359 3804 scribendo
1381 3758 1415 3804 sit
1436 3757 1555 3810 historio.
1592 3754 1665 3808 Idem

524 3837 606 3905 plura
628 3835 707 3890 addit
729 3836 763 3888 de
788 3835 970 3904 scriptoribus
988 3834 1111 3888 Parthici
1134 3835 1208 3888 belli.
1244 3833 1399 3888 Videantnr
1416 3838 1565 3904 praeterea
1587 3837 1665 3890 Phili·

525 3921 589 3974 bert
608 3919 700 3988 Soupe
718 3938 745 3988 p.
766 3927 798 3974 74
817 3923 845 3974 61
862 3919 1029 3973 Niebuhrius
1048 3939 1075 3988 p.
1094 3926 1151 3973 239.

608 4011 624 4057 4
642 4003 743 4058 Maius:
764 4011 926 4074 quantumuis

609 4094 624 4142 6
642 4087 760 4142 Videtur
778 4090 831 4144 hoo
849 4090 1006 4144 desumtum
1030 4105 1064 4142 ex
1082 4089 1201 4158 epistola
1219 4089 1255 4142 ad
1272 4089 1308 4142 M.
1328 4089 1483 4154 Aurelium3
1505 4091 1570 4160 ipsa
1592 4091 1666 4145 Prin·

524 4172 597 4242 ’61616
614 4172 763 4242 Historiae,
783 4174 820 4228 ad
836 4174 941 4227 Verum
959 4174 1034 4241 data,
1052 4173 1196 4242 incipiunt,
1216 4172 1245 4225 61
1262 4173 1352 4239 fallor,
1371 4189 1428 4239 seq.
1447 4191 1513 4242 pag.
1535 4181 1593 4228 275.

609 4263 624 4310 6
643 4256 747 4312 Codex:
765 4271 846 4326 posto.

610 4349 624 4395 7
642 4342 788 4397 Perierunt
811 4345 943 4411 quattuor
961 4361 1056 4396 versus
1076 4360 1138 4396 cum
1156 4341 1279 4396 dimidio.
1317 4341 1448 4408 Sequitur
1467 4342 1534 4397 Cod.
1558 4362 1586 4413 p.
1607 4351 1666 4409 276,

526 4444 596 4494 quae
615 4443 697 4480 erasa
715 4429 764 4495 661,
783 4427 878 4482 sedin
895 4427 1022 4495 margine
1040 4443 1131 4496 pauca
1149 4427 1287 4493 quaedam
1306 4428 1464 4496 supersunt.

610 4517 625 4564 8
643 4510 706 4565 Alia
724 4513 799 4581 apud
815 4512 928 4566 Maium.
954 4511 1156 4580 supplementa
1173 4511 1207 4565 de
1226 4528 1303 4565 more
1322 4512 1420 4565 damus
1438 4510 1541 4566 fitteris
1559 4513 1665 4567 italicis.

526 4596 688 4665 Suspectum
706 4596 872 4650 vocabulum
889 4601 1050 4661 solifundium
1068 4611 1124 4647 non
1141 4597 1244 4664 legitur
1261 4596 1290 4649 in
1309 4595 1417 4650 Codice.

610 4689 625 4733 6
644 4679 774 4748 Sequitur
793 4679 858 4734 Cod.
876 4699 903 4747 p.
923 4686 984 4747 266;
1009 4681 1235 4748 superest'unica
1253 4681 1398 4734 adnotatio
1417 4681 1445 4734 in
1464 4681 1601 4749 margine.
