4142 5659
675 649 679 662 '
764 657 812 710 DE
834 656 951 710 FERIIS
970 656 1211 712 ALSIENSIBUS.
1499 661 1562 725 225

412 828 612 890 maritimum
634 831 667 891 et
688 829 904 912 voluptarium
932 828 1048 909 locum,
1073 831 1106 891 et
1112 878 1121 910 ,
1151 831 1187 891 ut
1209 830 1256 892 ait
1282 829 1435 913 Plautus,
1456 831 1562 893 locum

412 928 588 992 lubricum¹
614 931 787 1014 delegisse,
811 927 874 993 nisi
895 929 1311 1014 11111111111111311112
1332 931 1442 1014 utique
1464 931 1561 995 verbo

412 1032 521 1093 vetere
543 1029 668 1095 faceres
691 1033 799 1104 animo
822 1030 941 1115 volup?

499 1131 588 1207 Qua³
616 1134 738 1196 malum
764 1132 885 1216 volup?
928 1133 1031 1197 Immo
1060 1135 1085 1196 si
1115 1133 1290 1197 dimidiatis
1318 1134 1423 1197 verbis
1451 1156 1560 1197 verum

412 1233 584 1297 dicendum
607 1238 671 1317 est,
696 1235 771 1298 ubi⁴
794 1238 829 1297 tu
853 1235 960 1297 animo
982 1234 1105 1297 faceres
1126 1235 1206 1318 vigil
1228 1234 1370 1318 (vigilias
1395 1235 1482 1321 dico)
1506 1241 1562 1298 aut

412 1339 450 1397 ut
482 1335 605 1400 faceres
639 1337 713 1399 labo
745 1338 800 1399 aut
833 1338 870 1398 ut
901 1335 1024 1399 faceres
1053 1337 1136 1398 mole
1168 1336 1308 1420 (labores
1341 1340 1374 1399 et
1399 1336 1561 1400 molestias

413 1436 510 1521 dico).
556 1437 605 1500 Tu
632 1459 785 1521 umquam
814 1436 934 1520 volup?
967 1437 1094 1519 volpem
1122 1436 1249 1500 facilius
1278 1438 1348 1520 quis
1376 1438 1436 1500 tibi
1465 1454 1561 1521 quam

411 1538 611 1621 voluptatem
641 1539 871 1604 conciliaverit.
916 1537 988 1620 Dic,
1017 1560 1073 1601 oro
1095 1542 1138 1620 te,
1168 1538 1288 1620 Marce,
1317 1539 1478 1603 idcircone
1506 1541 1562 1603 Al-

412 1639 496 1702 sium
518 1641 640 1723 petisti,
664 1642 757 1704 utin
780 1643 952 1724 prospectu
974 1641 1072 1703 maris
1096 1638 1255 1702 esurires?
1283 1638 1389 1714 Quid?
1419 1644 1455 1703 tu
1477 1641 1563 1704 Lorii

412 1743 444 1803 te
467 1740 553 1805 fame
583 1744 616 1804 et
642 1743 696 1805 siti
725 1746 758 1806 et
785 1741 926 1826 negotiis
955 1742 1090 1826 agendis
1119 1740 1273 1825 adfligere
1299 1741 1480 1824 nequibas?
1523 1741 1562 1805 In

413 1843 559 1925 apopsil5
585 1893 794 1907 .......
818 1843 1021 1906 iucundiores
1044 1842 1104 1905 tibi
1133 1864 1201 1906 esse
1225 1842 1382 1906 videntur.
1429 1843 1563 1907 Memini

412 1964 463 2005 me
487 1944 527 2006 ad
552 1942 630 2032 [vos]
658 1995 665 2008 .
692 1995 699 2008 .
726 1995 733 2009 .
757 1966 872 2028 pueros
894 1944 929 2007 in
952 1943 1078 2007 balneis
1094 1965 1163 2007 esse
1188 1994 1220 2007 ..
1244 1944 1402 2006 rescribas
1427 1944 1563 2008 ..liber

414 2048 595 2109 ..tenon
620 2096 626 2109 .
653 2097 660 2109 .
684 2067 743 2130 per
767 2097 774 2109 .
801 2096 808 2110 .
832 2045 903 2129 quis
928 2095 935 2108 .
962 2094 968 2107 .
992 2044 1085 2107 favor
1109 2095 1116 2108 .
1144 2094 1150 2107 .
1174 2066 1215 2107 ne
1305 2045 1381 2108 beat
1405 2095 1412 2109 .
1439 2096 1446 2109 .
1470 2048 1561 2130 gravi

413 2195 420 2208 .
448 2195 455 2208 .
500 2146 609 2210 Mare6
631 2148 737 2229 ipsum
760 2149 852 2211 aiunt
858 2196 867 2229 ,
897 2147 953 2209 ubi
980 2143 1147 2210 alcedonia
1177 2145 1254 2229 sint,
1283 2147 1352 2209 fieri
1380 2148 1560 2212 feriatum7.

412 2247 467 2309 An
497 2246 617 2311 alcedo¹
636 2270 708 2312 cum
736 2249 832 2333 pullis
861 2250 926 2311 suis
952 2247 1128 2331 tranquillo
1151 2247 1216 2310 otio
1238 2247 1367 2331 dignior
1389 2252 1438 2312 est
1465 2271 1560 2332 quam

411 2350 447 2409 tu
477 2370 549 2412 cum
576 2351 641 2412 tuis
671 2351 804 2414 liberis?
828 2399 1201 2414 ............
1210 2349 1222 2388 ⁸
1250 2351 1367 2413 veteres
1395 2360 1559 2431 tyrannos,
1672 2360 1674 2362 ’

497 2450 542 2513 At
565 2452 652 2514 enim
680 2473 730 2514 res
759 2453 855 2535 plane
878 2453 943 2514 iam
971 2450 1129 2535 postulat3
1157 2472 1235 2513 num
1265 2447 1455 2537 [studium]‘?
1482 2473 1561 2515 num

412 2550 578 2614 laborem?
606 2575 685 2615 num
710 2604 716 2616 .
743 2603 750 2617 .
763 2604 783 2650 ,.
810 2604 817 2616 .
844 2604 850 2616 .
878 2555 904 2616 ,⁰
948 2552 1026 2628 Quis
1057 2573 1150 2615 arcus
1180 2555 1335 2634 perpetuo
1357 2552 1561 2616 intenditus?

411 2674 493 2735 quae
516 2653 594 2716 fides
617 2659 772 2737 perpetuo
788 2655 900 2718 sono¹⁰
917 2654 1048 2717 strictae
1071 2652 1170 2716 sunt?
1195 2650 1300 2738 [Oculi
1319 2654 1499 2738 ¹¹coniugio
1525 2705 1558 2719 ..

411 2753 542 2841 durant]
567 2756 622 2838 qui
637 2778 702 2820 uno
718 2756 828 2819 obnixi
851 2755 966 2818 obtutu
987 2743 1185 2820 interissent.
1215 2754 1348 2837 Hortus,
1372 2757 1424 2838 qui
1450 2756 1560 2819 erebro

410 2855 578 2939 pangitur,
602 2878 662 2939 ope
679 2855 885 2942 1111111111ῐῖ
900 2856 1037 2940 indiget,
1061 2856 1177 2919 herbas
1189 2856 1214 2896 ¹3
1230 2859 1263 2918 et
1277 2856 1443 2920 holuscula
1464 2856 1559 2920 nihili

332 2941 335 2947 ¹
410 2959 581 3039 procreat:
614 2957 777 3022 frumento
812 2979 887 3022 vero
915 2960 948 3020 et
975 2957 1083 3020 solidis
1111 2957 1260 3044 frugibus
1287 2958 1449 3040 requietus
1483 2979 1561 3041 ager

499 3269 511 3313 1
531 3267 666 3316 Labrinum
685 3270 763 3317 locum
780 3263 809 3315 in
827 3261 961 3316 Plautinis
980 3278 1051 3328 quae
1070 3263 1181 3315 exstant
1197 3275 1254 3313 non
1272 3259 1407 3329 reperias,
1431 3261 1480 3315 sed
1498 3267 1556 3317 libe·

409 3365 465 3398 rum
482 3345 567 3400 Poen.
586 3347 606 3400 Ι.
629 3354 650 3400 l.
670 3347 777 3402 41111,
801 3354 825 3402 3.
845 3353 886 3401 43.
923 3350 1083 3402 Niebubrius.

496 3436 511 3482 2
529 3431 558 3483 L.
578 3437 688 3498 genium.
724 3436 900 3497 Heindorfius.

433 3511 435 3514 ’
497 3521 513 3567 3
531 3515 576 3568 111
594 3514 696 3569 Codex.

495 3604 513 3650 4
529 3598 560 3652 L.
579 3606 624 3653 uti.
663 3604 836 3668 Heindorfius.

496 3688 511 3736 5
530 3681 662 3751 Sequitur
680 3683 746 3738 eod.
765 3704 793 3755 p.
813 3691 870 3752 223,
889 3685 965 3738 cuius
982 3685 1059 3754 prior
1078 3678 1207 3738 columna
1223 3702 1336 3754 prorsus
1353 3684 1449 3753 periit;
1473 3686 1502 3738 in
1520 3686 1556 3740 al-

408 3767 473 3819 tera
490 3783 580 3835 pauca
598 3770 753 3837 supersunt.
774 3799 808 3809 -
825 3770 943 3838 Apopsis
962 3771 1004 3824 est
1022 3769 1137 3838 specula
1154 3770 1249 3839 regiae
1266 3771 1356 3824 villae.
1396 3774 1489 3826 Maius.

498 3856 514 3903 6
533 3843 678 3906 Sententia
694 3852 752 3921 legi
770 3852 863 3922 potuit
881 3871 932 3923 ope
951 3853 1098 3923 marginis,
1123 3855 1170 3907 ubi
1187 3854 1286 3908 itidem
1304 3855 1404 3912 111111,

497 3940 511 3988 7
530 3935 619 3989 Maius
637 3937 744 3990 confert
761 3937 917 3992 Varronem
934 3939 963 3993 L.
984 3940 1013 3992 L.
1033 3938 1093 3993 VII.
1114 3944 1146 3993 88
1164 3939 1239 3992 Mull.

496 4024 512 4072 8
530 4019 676 4074 Perierunt
694 4023 815 4090 quinque
834 4040 937 4077 versus.

496 4109 511 4156 9
530 4103 685 4174 Supersunt
702 4123 797 4159 versus
816 4107 974 4176 duodecim,
994 4107 1042 4174 qui
1060 4109 1119 4161 sine
1138 4125 1191 4176 ope
1209 4106 1344 4176 marginis
1361 4106 1419 4174 legi
1435 4123 1491 4159 non
1508 4126 1556 4176 po-

411 4189 534 4242 tuerunt.
546 4220 579 4227 -
597 4190 640 4244 F.:
659 4194 738 4243 tuum
755 4197 871 4258 studium,
890 4194 969 4244 tuum
987 4196 1106 4257 laborem,
1125 4195 1205 4245 tuum
1222 4197 1346 4244 sudorem.
1380 4195 1555 4259 Heindorfius.

480 4279 511 4326 1o
530 4273 636 4328 Codex:
655 4296 708 4331 suo.
744 4274 780 4328 Et
797 4276 838 4328 ita
852 4275 1099 4346 Philibert-Soupe
1116 4295 1143 4344 p.
1163 4282 1204 4329 90.

479 4363 509 4410 11
528 4358 627 4428 Margo
645 4359 755 4413 videtur
771 4360 875 4415 habere
894 4380 963 4414 ocos.
994 4359 1075 4424 Quod
1092 4359 1203 4428 legitur,
1222 4357 1299 4410 vides
1318 4358 1469 4412 absurdum
1487 4376 1553 4414 esse.

409 4440 597 4511 Heindorfius,
616 4444 664 4512 qui
682 4444 827 4498 nesciebat
849 4445 919 4498 haec
941 4444 1034 4497 omnia
1055 4444 1083 4496 in
1101 4442 1227 4510 margine
1248 4442 1342 4495 lacera
1360 4442 1428 4511 legi,
1451 4444 1556 4510 aliquid

406 4527 488 4582 ludit.

479 4620 510 4666 12
528 4613 629 4683 incipit
647 4613 713 4668 eod.
733 4632 759 4683 p.
780 4620 838 4667 226.

480 4705 510 4761 13
528 4697 714 4752 Heindorfius:
734 4700 765 4751 ut
782 4703 874 4752 herbas
891 4729 924 4736 —
941 4698 1079 4767 procreet.

444 4817 546 4853 mour.
562 4818 598 4852 ΕΤ
610 4819 711 4853 AUREL.
726 4818 816 4852 nemu.
