4142 5659
625 675 675 733 An
693 678 729 733 n.
744 674 937 732 onnsnnn
954 675 1001 732 nr
1020 674 1173 733 mucan
1190 675 1298 733 anna
1315 675 1349 732 n.
1517 679 1559 746 33

408 850 472 918 Sed
495 851 582 916 enirn
609 851 686 936 quid
707 872 758 915 me
786 849 865 915 fiet?
908 848 959 915 Ne
987 850 1130 915 osculum
1145 852 1280 934 -quidem
1301 852 1402 915 ullum
1424 856 1473 916 est
1495 853 1558 916 Ro·
1668 875 1670 877 ¹

406 976 481 1018 mae
503 953 675 1017 residuum.
714 953 834 1017 Omnes
862 975 952 1016 meae
979 953 1130 1017 fortunae
1158 956 1190 1016 et
1217 975 1289 1017 mea
1311 954 1419 1016 omnia
1441 955 1559 1038 gaudia

407 1055 546 1139 Neapoli
576 1057 664 1119 sunt.
709 1054 792 1118 Oro¹
816 1058 860 1137 te,
889 1055 959 1138 quis
988 1055 1069 1118 iste²
1096 1076 1165 1118 mos
1188 1058 1237 1118 est
1258 1055 1361 1138 pridie
1388 1057 1558 1139 magistra-

406 1157 483 1221 tus3
504 1155 674 1220 eiurandi‘?
695 1154 778 1230 Quid
800 1157 884 1239 quod
906 1177 967 1240 ego
989 1159 1122 1239 paratus
1145 1179 1225 1238 sum,
1253 1157 1328 1219 dum
1351 1160 1428 1220 ante
1450 1157 1558 1241 plures

408 1260 477 1322 dies
500 1259 629 1340 durem,
653 1257 840 1340 perplures
863 1257 957 1320 deos⁴
972 1257 1102 1320 iurare?
1145 1256 1228 1332 Quid
1250 1261 1299 1322 est
1323 1261 1440 1341 autem,
1475 1260 1559 1342 qnod

408 1360 571 1424 iuraturus
600 1381 670 1422 sum
703 1379 754 1422 me
784 1359 952 1422 consulatu
986 1358 1098 1421 abire?
1141 1358 1214 1443 Ego
1247 1381 1322 1423 vero
1351 1360 1450 1423 etiam
1479 1360 1559 1423 illud

407 1462 566 1543 iurarem,
594 1482 646 1524 me
671 1460 748 1524 olim
772 1458 940 1523 consulatu
968 1459 1056 1523 abire
1086 1481 1216 1543 cupere,
1252 1464 1288 1524 ut
1315 1461 1361 1524 M.
1392 1461 1558 1524 Aurelium

409 1562 615 1646 complectar.

568 1798 637 1864 rx.
669 1798 832 1884 (consuli
856 1800 894 1865 u
916 1776 1126 1883 uagisuop
1148 1800 1224 1866 neo
1248 1799 1404 1883 optimo.

495 1951 567 2015 Hoc
593 1973 670 2016 sane
699 1956 880 2036 supererat,
919 1955 956 2016 ut
988 1949 1084 2035 super
1118 1957 1224 2017 cetera
1230 2004 1257 2036 ,,
1278 1975 1359 2037 quae
1387 1955 1559 2038 insigniter

409 2075 488 2138 erga
510 2054 682 2137 malacia,
707 2055 805 2117 etiarn
828 2054 974 2118 Gratiam
996 2054 1140 2117 mitteres
1163 2054 1225 2117 huc
1316 2105 1323 2118 .
1350 2056 1379 2117 ,⁶

584 2290 631 2356 X.
663 2290 825 2377 (Consuli
847 2293 885 2358 ct
907 2291 1080 2374 Magistro
1101 2291 1178 2358 Meo
1202 2291 1372 2376 Optimo).

564 2495 570 2507 .
597 2495 604 2507 .
631 2445 672 2530 .⁷l
703 2444 871 2508 adfinitate
899 2444 1071 2527 sociatum,
1101 2466 1205 2528 neque
1231 2444 1352 2508 tutelae
1379 2446 1557 2509 subditum:

409 2549 577 2629 praetcrea
599 2545 634 2608 in
650 2567 687 2609 ca
701 2546 833 2609 fortuna
850 2546 1071 2628 constitutum,
1094 2546 1217 2630 inqua,
1242 2549 1278 2608 ut
1292 2544 1330 2620 Q.
1347 2546 1473 2611 Ennius
1496 2549 1557 2611 ait:

455 2667 561 2728 Omnes
583 2670 660 2728 dant
680 2671 838 2728 consilium
860 2675 971 2728 eanum
994 2670 1095 2745 adque
1116 2671 1160 2728 ad
1180 2672 1363 2744 voluptatem
1387 2675 1505 2730 omniu:

494 2781 577 2846 Item
613 2783 698 2866 quod
715 2781 864 2846 Plautus
907 2783 1058 2867 egregie8
1093 2783 1129 2846 in
1167 2783 1281 2848 Colace
1318 2806 1413 2867 super
1447 2785 1559 2848 cadem

409 2905 443 2946 re
466 2883 527 2946 an:

540 2989 598 3060 Oui
618 2991 694 3050 duta
714 2992 775 3062 fide
794 2994 919 3064 firmata
939 2993 1081 3074 fidentem
1099 2990 1280 3064 fefellerint,

539 3090 668 3152 Subdola*
686 3094 920 3165 subsentutorea
946 3096 1015 3168 νομί
1035 3095 1088 3167 qui
1107 3101 1176 3152 sunt
1193 3096 1341 3167 proximi,

540 3191 598 3262 Qui
618 3196 708 3253 aliter
729 3198 798 3269 reci
818 3196 905 3254 dietis
928 3196 1043 3266 dieunt,
1068 3195 1162 3253 aliter
1184 3198 1214 3253 in
1238 3197 1340 3253 animo
1361 3196 1479 3254 hahent.

352 3324 374 3355 s
448 3344 451 3348 ι
495 3304 586 3369 Haec
609 3307 695 3371 enim
717 3307 793 3371 olim
821 3308 1022 3371 incommoda
1045 3308 1174 3390 regibus
1203 3308 1278 3371 solis
1301 3308 1370 3370 fieri
1393 3308 1556 3371 solebant:

410 3410 445 3471 at
478 3409 565 3471 enim
592 3431 680 3474 nunc
708 3409 841 3473 adfatim
876 3411 967 3507 sunt,
1004 3409 1058 3491 qui
1086 3410 1138 3471 etl
1160 3431 1273 3494 regum
1307 3408 1398 3492 filiis,
1434 3412 1471 3471 ut
1494 3409 1557 3473 Ne-

409 3510 514 3572 vius¹⁰
538 3509 599 3572 ait:

539 3633 667 3708 linquis
684 3632 815 3704 faueant
836 3636 936 3709 adque
957 3624 1104 3695 adnotent
1126 3643 1180 3693 aut
1191 3629 1211 3669 ¹¹
1221 3635 1433 3758 ,subsannat

408 3799 613 3809 ——a

499 3889 511 3934 1
532 3880 597 3935 (lod.
617 3900 659 3951 pr.
679 3900 715 3934 m.
735 3895 802 3937 orto.

497 3965 597 4019 ecod.
617 3984 659 4035 pr.
679 3984 716 4018 rn.
736 3973 759 4020 is
776 3973 834 4023 iste.

498 4058 513 4104 3
532 4049 608 4104 Corr.
627 4050 656 4103 in
675 4045 788 4104 Codice:
807 4057 986 4118 magistratum.

496 4141 512 4188 4
531 4133 597 4188 dod.
616 4153 658 4203 pr.
677 4153 713 4188 m.
734 4141 797 4190 dier.

497 4226 513 4273 5
530 4218 655 4273 Duorum
671 4237 801 4273 versuum
820 4221 941 4290 spatium
958 4221 988 4274 in
1006 4220 1114 4274 Codice.

497 4309 513 4355 6
530 4303 637 4357 Desunt
652 4304 774 4373 paginae
792 4305 912 4372 aliquot

498 4394 512 4441 7
530 4388 632 4456 Incipit
650 4387 717 4442 Cod.
737 4389 864 4442 Ambros.
882 4408 910 4458 p.
925 4397 983 4443 102.

498 4477 513 4525 8
531 4471 599 4525 Cod.
617 4491 659 4541 pr.
679 4491 715 4525 m.
733 4479 853 4541 duplatus
871 4480 998 4543 eprepiae.

497 4563 513 4610 a
532 4555 598 4609 Cod.
617 4548 659 4625 pi.
679 4575 715 4611 m.
736 4569 761 4611 et
779 4570 811 4612 et.

483 4647 514 4694 10
531 4640 636 4694 Dubito
655 4641 689 4694 de
706 4641 760 4694 hoc
777 4642 896 4696 nomine.

483 4733 513 4778 ll
531 4724 634 4778 Maius:
654 4738 686 4779 et.

450 4846 550 4882 anona.
563 4849 598 4882 nr
612 4848 713 4886 sonet.
729 4848 818 4890 cerer,
886 4826 887 4829 ’
