4142 5659
833 649 1114 705 eaonuoonnm.
1478 676 1551 721 m

355 888 357 891 ,
406 823 495 889 111111
519 824 665 906 degeret,
688 824 760 887 vide
783 825 850 888 eius
872 825 1065 906 rescriptum
1087 823 1128 906 V,
1152 824 1204 888 59.
1234 825 1353 889 Caesar
1374 831 1550 910 occupatus

405 926 676 1005 111111γνώμαι(
700 924 923 990 convertendis
952 928 985 988 11
1010 926 1044 989 11
1076 926 1278 990 elaborandis
1305 928 1383 992 locis
1413 952 1551 994 commu·

405 1029 511 1092 nibus
558 1027 701 1093 Oonatur
730 1029 921 1112 persuadere
943 1029 1100 1112 magistro
1130 1051 1163 1092 se
1186 1031 1369 1094 1111111111
1393 1033 1506 1096 somni.

364 1204 370 1209 ,
490 1130 588 1194 Anno
620 1129 680 1193 142
708 1132 803 1194 datae
826 1134 912 1215 sunt,
948 1133 984 1193 ut
1012 1131 1158 1213 equidem
1191 1132 1349 1215 existimo,
1378 1132 1551 1200 Frontonis

407 1233 607 1318 aegrotantis
632 1233 785 1316 epistolae
798 1232 839 1315 V,
858 1233 909 1296 40.
934 1232 976 1295 42
1000 1254 1072 1296 cum
1088 1233 1232 1297 Caesaris
1255 1236 1420 1319 rescriptis
1442 1235 1483 1318 V,
1497 1238 1548 1300 41.
1621 1320 1622 1323 Ἴ

404 1336 457 1399 43.
488 1335 558 1398 Iam
580 1338 677 1399 natae
690 1338 775 1398 sunt
795 1334 904 1398 Marco
927 1336 1008 1398 duae
1030 1335 1131 1419 filiae,
1154 1336 1273 1400 Fronto
1296 1339 1403 1400 autem
1424 1337 1551 1401 laborat
1614 1336 1619 1351 '

405 1439 550 1522 podagra
584 1441 617 1500 11
645 1438 683 1500 (11
717 1460 871 1521 aquarum
905 1460 965 1500 usu
992 1437 1159 1502 deliberat.
1210 1439 1298 1502 Hinc
1334 1441 1478 1522 suspicor
1511 1441 1551 1502 ad

407 1540 543 1603 eundem
570 1562 692 1616 annum
718 1540 831 1603 referri
860 1539 975 1603 debere
1008 1540 1131 1622 priores
1161 1540 1313 1623 epistolas
1340 1541 1436 1624 primi
1463 1541 1548 1605 libri.
1674 1605 1675 1608 ,

407 1640 539 1705 Scilicet
565 1643 759 1724 respondere
787 1642 913 1705 videtur
941 1640 1059 1706 Caesar
1092 1663 1129 1704 ea
1159 1642 1309 1725 epistola,
1347 1665 1429 1726 quae
1458 1644 1551 1706 nobis

407 1746 456 1806 est
484 1742 516 1825 I,
547 1744 584 1825 2,
619 1765 677 1826 pro
713 1766 775 1827 qua
808 1746 920 1826 utpote
948 1747 1095 1807 amanter
1128 1745 1248 1828 scripta
1276 1744 1396 1809 Fronto
1428 1746 1551 1829 gratias

407 1847 478 1930 agit
499 1846 534 1909 in
557 1846 651 1928 epist.
675 1845 701 1928 I,
726 1847 756 1910 3.
803 1845 972 1929 Sequentis
1004 1845 1158 1928 epistolae
1188 1869 1269 1930 quae
1297 1847 1468 1911 Frontonis
1491 1849 1550 1929 111,

405 1948 432 2030 Ι,
453 1949 480 2030 1,
505 1970 571 2011 non
589 1948 653 2010 nisi
676 1948 826 2032 exiguum
848 1948 1069 2032 fragmentum
1085 1951 1247 2013 servatum
1270 1952 1332 2014 est:
1356 1950 1458 2013 mittit
1480 1971 1552 2012 cum

407 2050 544 2133 epistola
565 2049 725 2113 ludicrum
747 2072 826 2134 opus
849 2072 911 2133 quo
934 2050 1089 2114 Somnum
1111 2051 1263 2134 laudavit,
1289 2053 1378 2115 cuius
1400 2052 1553 2115 memoria

407 2153 436 2215 ei
458 2173 589 2235 prorsus
612 2152 790 2234 exciderat,
822 2174 895 2215 cum
922 2152 1039 2236 viginti
1070 2153 1163 2216 annis
1189 2157 1263 2236 post
1285 2153 1455 2237 epistolam
1476 2152 1552 2216 sori-

406 2255 507 2337 beret,
532 2276 614 2338 quae
637 2254 755 2318 dicitur
777 2255 816 2317 de
838 2253 939 2344 Feriis
968 2254 1180 2318 Alsiensibus
1225 2255 1412 2338 Respondet
1435 2254 1553 2320 Caesar

408 2359 440 2419 11
462 2356 542 2420 satis
563 2356 693 2420 inficete
716 2355 869 2420 Somnum
893 2359 1022 2420 accusat
1043 2356 1070 2439 I,
1091 2356 1127 2439 43
1150 2356 1270 2421 Fronto
1293 2361 1401 2421 tamen
1424 2358 1460 2421 in
1481 2379 1553 2440 pro-

406 2458 473 2521 lixa
501 2458 647 2541 epistola,
677 2457 703 2541 I,
727 2458 764 2541 5,
789 2459 918 2543 singula
947 2459 1111 2522 examinat
1132 2462 1165 2522 et
1192 2460 1340 2523 laudibus
1367 2460 1402 2522 in
1430 2461 1553 2524 caelum

385 2555 386 2558 ¹
408 2561 510 2625 effert.
544 2561 669 2644 Operae
691 2561 832 2644 pretium
847 2564 896 2624 est
919 2561 1035 2644 videre,
1061 2565 1098 2625 ut
1119 2561 1163 2624 M.
1181 2560 1311 2626 (1111111
1333 2563 1452 2646 viginti
1474 2563 1552 2626 duos

408 2685 511 2726 annos
533 2666 611 2727 nato
634 2666 702 2726 tam
723 2663 846 2726 insulsa
868 2664 1059 2727 declamatio
1086 2663 1212 2746 placere
1235 2665 1385 2748 potuerit.

493 2767 609 2829 Annus
632 2765 777 2849 sequitur
801 2766 871 2830 143.
908 2765 949 2829 In
972 2766 1108 2848 epistola
1129 2765 1170 2848 V,
1186 2759 1235 2830 *32
1258 2765 1376 2831 Caesar
1397 2767 1553 2850 magistro

408 2868 592 2952 gratulatur
615 2868 666 2930 die
688 2868 806 2950 natali,
835 2868 863 2931 is
891 2871 998 2931 autem
1021 2868 1144 2952 gratias
1167 2869 1237 2951 agit
1258 2869 1294 2931 in
1316 2869 1409 2953 epist.
1434 2868 1475 2950 V,
1499 2870 1551 2933 33.
1623 2915 1625 2917 >

407 2970 476 3033 Has
500 2970 666 3052 exoipirmt
687 2970 840 3052 epistolae
862 2993 982 3054 magno
1004 2992 1138 3033 numero
1161 2971 1299 3053 scriptae
1321 2971 1484 3035 mensibus
1502 2970 1553 3033 Iu-

408 3073 451 3136 lio
479 3075 511 3135 11
535 3072 702 3155 Auguste,
734 3094 805 3135 cum
828 3072 949 3135 Fronto
978 3071 1088 3135 consul
1117 3073 1268 3135 suffectus
1296 3077 1396 3155 esset,
1425 3074 1553 3136 Marcus

409 3177 517 3238 1111111
538 3173 677 3256 Neapoli
700 3175 840 3258 degeret.
872 3174 1069 3257 Incipiamus
1085 3197 1103 3237 a
1119 3174 1264 3238 Caesaris
1287 3175 1430 3257 epistolis
1451 3174 1495 3254 Il,
1514 3176 1551 3237 11

409 3280 442 3340 11
466 3277 515 3359 12,
540 3297 674 3360 quarum
696 3276 882 3360 fragmenta
905 3278 1031 3339 servata
1054 3278 1145 3358 sunt,
1167 3275 1322 3338 habemus
1337 3276 1372 3338 in
1387 3276 1427 3338 iis
1450 3297 1553 3338 exem-

408 3378 463 3461 pla
497 3377 703 3461 epistolarum
735 3378 864 3441 illarum
898 3377 1116 3442 remissiorum
1148 3380 1181 3440 11
1208 3377 1439 3459 Τ1111111111111,
1475 3400 1553 3461 quas

409 3480 530 3543 Fronto
553 3478 630 3542 alibi
652 3479 773 3542 laudat.
820 3479 853 3544 81
877 3480 987 3545 Cicero
1010 3501 1064 3542 eas
1085 3479 1192 3564 legere
1215 3479 1386 3562 potuisset,
1416 3479 1553 3542 multum

311 3579 313 3581 ¹
409 3603 521 3644 vereor
557 3604 600 3644 au
632 3583 701 3663 ipse
735 3604 858 3666 quoque
892 3605 945 3646 eas
978 3604 1036 3665 pro
1059 3581 1217 3645 Tullianis
1249 3581 1361 3644 haberi
1390 3581 1551 3644 voluisset.

410 3682 532 3757 Eodem
553 3682 703 3746 Tulliano
726 3684 850 3747 dicendi
875 3706 993 3768 genere
1016 3683 1135 3749 Caesar
1157 3685 1259 3747 utitur
1279 3683 1314 3747 in
1338 3683 1430 3766 epist.
1454 3682 1497 3766 ΙΙ,
1521 3683 1552 3766 5,

409 3783 465 3846 ubi
488 3785 526 3847 de
548 3783 721 3848 Polemone
743 3786 897 3849 iudicium
923 3786 988 3849 fert
1011 3789 1044 3849 et
1066 3787 1101 3849 in
1123 3787 1216 3869 epist.
1240 3784 1282 3867 ll,
1306 3786 1337 3867 6,
1360 3785 1396 3849 in
1418 3808 1481 3869 qua
1503 3786 1554 3848 de-

337 3919 346 3931 ‘
410 3886 542 3969 scriptio
566 3886 646 3950 caeli
668 3886 887 3970 Neapolitani.
923 3887 1018 3972 Legit
1040 3891 1162 3952 veteres
1185 3887 1357 3970 scriptores
1379 3887 1552 3970 Romanos,

410 4009 544 4072 quorum
567 3989 684 4052 diserte
706 3989 918 4052 nominantur
933 3990 1012 4054 Cato
1029 3991 1062 4052 11
1075 3989 1240 4053 Laberius.
1272 3987 1419 4052 Breviter
1434 3988 1554 4052 Fronto

409 4090 582 4174 respondet
596 4089 640 4174 H,
658 4091 687 4155 7.
718 4090 758 4154 In
782 4091 917 4175 epistola
932 4090 958 4174 I,
983 4092 1002 4154 6
1026 4091 1138 4154 scribit
1161 4089 1279 4155 (111111
1301 4113 1334 4169 11
1356 4090 1441 4172 patri
1463 4112 1553 4173 prae-

409 4192 526 4276 legisse
548 4196 675 4277 partem
698 4196 882 4276 excerptam
898 4215 914 4256 1
929 4193 1102 4256 Frontonis
1120 4194 1264 4257 oratione
1286 4193 1433 4276 quadam,
1458 4213 1553 4275 quam

409 4293 503 4358 hodie
531 4295 593 4358 viri
620 4296 706 4359 docti
734 4296 917 4359 inscribunt
939 4296 977 4359 de
999 4296 1204 4358 testamentis
1226 4293 1468 4376 transmarinis,
1498 4295 1554 4356 sed
1605 4372 1606 4375 Ἴ

409 4418 476 4459 non
510 4397 667 4460 diversam
700 4419 771 4460 eam
804 4419 872 4461 esse
902 4398 1037 4461 coniioio
1067 4397 1214 4461 a'nobili
1241 4396 1298 4458 illa
1323 4395 1468 4458 oratione
1495 4418 1553 4479 pro

397 4496 571 4582 Bithynis.
619 4499 736 4563 Caesar
755 4499 922 4563 describit
956 4500 1086 4584 insigne
1114 4500 1348 4583 fragmentum,
1384 4498 1467 4581 quod
1495 4497 1553 4561 Pio

409 4621 487 4683 prae
511 4600 624 4663 ceteris
646 4601 814 4684 placuerat
836 4603 868 4664 11
889 4623 948 4664 nos
972 4601 1125 4684 epistilae
1147 4599 1312 4681 beneficio,
1337 4599 1426 4662 cuius
1447 4599 1554 4663 lacera

409 4702 554 4764 membra
584 4701 688 4766 Maius
720 4724 890 4786 perperam
924 4704 1117 4787 composuit,
1151 4723 1318 4787 possumus
1351 4701 1553 4785 aliquatenus
