<?xml version="1.0" encoding="UTF-8"?>
<!DOCTYPE html PUBLIC "-//W3C//DTD XHTML 1.0 Transitional//EN"
    "http://www.w3.org/TR/xhtml1/DTD/xhtml1-transitional.dtd">
<html xmlns="http://www.w3.org/1999/xhtml" xml:lang="en" lang="en">
 <head>
  <title>
</title>
<meta http-equiv="Content-Type" content="text/html;charset=utf-8" />
  <meta name='ocr-system' content='tesseract 3.04.00' />
  <meta name='ocr-capabilities' content='ocr_page ocr_carea ocr_par ocr_line ocrx_word'/>
</head>
<body>
  <div class='ocr_page' id='page_1' title='image "./mcorneliifronto02frongoog_0261.png"; bbox 0 0 4142 5659; ppageno 0'>
   <div class='ocr_carea' id='block_1_1' title="bbox 707 641 1554 752">
    <p class='ocr_par' dir='ltr' id='par_1_1' title="bbox 707 641 1554 752">
     <span class='ocr_line' id='line_1_1' title="bbox 707 641 1554 752; baseline 0.014 -12"><span class='ocrx_word' id='word_1_1' title='bbox 707 730 711 739; x_wconf 91' lang='lat'>.</span> <span class='ocrx_word' id='word_1_2' title='bbox 786 687 834 741; x_wconf 87' lang='lat' dir='ltr'><strong>nu</strong></span> <span class='ocrx_word' id='word_1_3' title='bbox 852 641 966 741; x_wconf 79' lang='lat' dir='ltr'><strong>annuo</strong></span> <span class='ocrx_word' id='word_1_4' title='bbox 985 687 1176 741; x_wconf 78' lang='lat' dir='ltr'><strong>Punruroo.</strong></span> <span class='ocrx_word' id='word_1_5' title='bbox 1491 662 1554 752; x_wconf 46' lang='lat'><strong>2⁴19</strong></span> 
     </span>
    </p>
   </div>
   <div class='ocr_carea' id='block_1_2' title="bbox 407 828 1553 942">
    <p class='ocr_par' dir='ltr' id='par_1_2' title="bbox 407 828 1553 942">
     <span class='ocr_line' id='line_1_2' title="bbox 407 828 1553 942; baseline -0.002 -20"><span class='ocrx_word' id='word_1_6' title='bbox 407 859 556 922; x_wconf 73' lang='lat' dir='ltr'>tenderat</span> <span class='ocrx_word' id='word_1_7' title='bbox 579 857 648 922; x_wconf 88' lang='lat' dir='ltr'><strong>sine</strong></span> <span class='ocrx_word' id='word_1_8' title='bbox 671 858 846 922; x_wconf 90' lang='lat' dir='ltr'><strong>offensione</strong></span> <span class='ocrx_word' id='word_1_9' title='bbox 867 857 999 941; x_wconf 87' lang='lat' dir='ltr'><strong>potitus.</strong></span> <span class='ocrx_word' id='word_1_10' title='bbox 1036 857 1128 920; x_wconf 86' lang='lat' dir='ltr'><strong>Nihil</strong></span> <span class='ocrx_word' id='word_1_11' title='bbox 1150 858 1185 921; x_wconf 89' lang='lat' dir='ltr'><strong>in</strong></span> <span class='ocrx_word' id='word_1_12' title='bbox 1209 828 1314 922; x_wconf 87' lang='lat' dir='ltr'><strong>aetate</strong></span> <span class='ocrx_word' id='word_1_13' title='bbox 1337 858 1467 942; x_wconf 84' lang='lat' dir='ltr'><strong>agunda</strong></span> <span class='ocrx_word' id='word_1_14' title='bbox 1482 857 1553 920; x_wconf 90' lang='lat' dir='ltr'><strong>duri</strong></span> 
     </span>
    </p>
   </div>
   <div class='ocr_carea' id='block_1_3' title="bbox 303 958 1553 1042">
    <p class='ocr_par' dir='ltr' id='par_1_3' title="bbox 303 958 1553 1042">
     <span class='ocr_line' id='line_1_3' title="bbox 303 958 1553 1042; baseline -0.001 -19"><span class='ocrx_word' id='word_1_15' title='bbox 303 1009 307 1013; x_wconf 76' lang='lat'><em>-</em></span> <span class='ocrx_word' id='word_1_16' title='bbox 407 963 463 1023; x_wconf 90' lang='lat' dir='ltr'><strong>aut</strong></span> <span class='ocrx_word' id='word_1_17' title='bbox 485 960 594 1024; x_wconf 88' lang='lat' dir='ltr'><strong>acerbi</strong></span> <span class='ocrx_word' id='word_1_18' title='bbox 617 962 768 1042; x_wconf 85' lang='lat' dir='ltr'><strong>expertus</strong></span> <span class='ocrx_word' id='word_1_19' title='bbox 789 980 857 1022; x_wconf 89' lang='lat' dir='ltr'><strong>esse</strong></span> <span class='ocrx_word' id='word_1_20' title='bbox 880 958 1011 1022; x_wconf 85' lang='lat' dir='ltr'><strong>dicitur:</strong></span> <span class='ocrx_word' id='word_1_21' title='bbox 1034 958 1112 1042; x_wconf 90' lang='lat' dir='ltr'><strong>quin</strong></span> <span class='ocrx_word' id='word_1_22' title='bbox 1135 960 1194 1022; x_wconf 86' lang='lat' dir='ltr'><strong>sub</strong></span> <span class='ocrx_word' id='word_1_23' title='bbox 1211 982 1326 1023; x_wconf 90' lang='lat' dir='ltr'><strong>manus</strong></span> <span class='ocrx_word' id='word_1_24' title='bbox 1343 963 1460 1024; x_wconf 87' lang='lat' dir='ltr'><strong>cuncta</strong></span> <span class='ocrx_word' id='word_1_25' title='bbox 1475 981 1553 1039; x_wconf 81' lang='lat' dir='ltr'><strong>qaue</strong></span> 
     </span>
    </p>
   </div>
   <div class='ocr_carea' id='block_1_4' title="bbox 338 1059 1553 1247">
    <p class='ocr_par' dir='ltr' id='par_1_4' title="bbox 338 1059 1553 1247">
     <span class='ocr_line' id='line_1_4' title="bbox 406 1059 1552 1144; baseline -0.002 -19"><span class='ocrx_word' id='word_1_26' title='bbox 406 1068 499 1126; x_wconf 86' lang='lat' dir='ltr'><strong>uoluit</strong></span> <span class='ocrx_word' id='word_1_27' title='bbox 520 1082 633 1144; x_wconf 89' lang='lat' dir='ltr'><strong>prosus</strong></span> <span class='ocrx_word' id='word_1_28' title='bbox 655 1067 774 1139; x_wconf 82' lang='lat' dir='ltr'><strong>redepr&#39;t</strong></span> <span class='ocrx_word' id='word_1_29' title='bbox 788 1064 912 1138; x_wconf 77' lang='lat' dir='ltr'><em>fuitque</em></span> <span class='ocrx_word' id='word_1_30' title='bbox 934 1059 1146 1124; x_wconf 85' lang='lat' dir='ltr'><strong>beatissimus.</strong></span> <span class='ocrx_word' id='word_1_31' title='bbox 1194 1065 1305 1136; x_wconf 78' lang='lat' dir='ltr'><em>Quibus</em></span> <span class='ocrx_word' id='word_1_32' title='bbox 1328 1067 1365 1124; x_wconf 86' lang='lat' dir='ltr'><strong>de</strong></span> <span class='ocrx_word' id='word_1_33' title='bbox 1387 1067 1474 1125; x_wconf 80' lang='lat' dir='ltr'><strong>rebus</strong></span> <span class='ocrx_word' id='word_1_34' title='bbox 1497 1083 1552 1124; x_wconf 87' lang='lat' dir='ltr'><strong>rex</strong></span> 
     </span>
     <span class='ocr_line' id='line_1_5' title="bbox 338 1161 1553 1247; baseline -0.002 -21"><span class='ocrx_word' id='word_1_35' title='bbox 338 1203 344 1213; x_wconf 92' lang='lat'><strong>·</strong></span> <span class='ocrx_word' id='word_1_36' title='bbox 406 1162 536 1226; x_wconf 87' lang='lat' dir='ltr'><strong>Amasis</strong></span> <span class='ocrx_word' id='word_1_37' title='bbox 559 1163 741 1247; x_wconf 85' lang='lat' dir='ltr'><strong>Aegyptius</strong></span> <span class='ocrx_word' id='word_1_38' title='bbox 764 1161 891 1245; x_wconf 89' lang='lat' dir='ltr'><strong>sapiens</strong></span> <span class='ocrx_word' id='word_1_39' title='bbox 913 1161 1179 1233; x_wconf 73' lang='lat' dir='ltr'><strong>fortunatissimis</strong></span> <span class='ocrx_word' id='word_1_40' title='bbox 1202 1163 1366 1226; x_wconf 89' lang='lat' dir='ltr'><strong>consultus</strong></span> <span class='ocrx_word' id='word_1_41' title='bbox 1376 1162 1396 1244; x_wconf 81' lang='lat'><strong>¹,</strong></span> <span class='ocrx_word' id='word_1_42' title='bbox 1424 1162 1553 1245; x_wconf 88' lang='lat' dir='ltr'><strong>scriptis</strong></span> 
     </span>
    </p>
   </div>
   <div class='ocr_carea' id='block_1_5' title="bbox 400 1263 1586 2970">
    <p class='ocr_par' dir='ltr' id='par_1_5' title="bbox 400 1263 1586 2970">
     <span class='ocr_line' id='line_1_6' title="bbox 404 1263 1553 1346; baseline 0.001 -20"><span class='ocrx_word' id='word_1_43' title='bbox 404 1263 618 1327; x_wconf 83' lang='lat' dir='ltr'><strong>familiaribus</strong></span> <span class='ocrx_word' id='word_1_44' title='bbox 646 1263 779 1346; x_wconf 74' lang='lat' dir='ltr'><strong>litteris,</strong></span> <span class='ocrx_word' id='word_1_45' title='bbox 810 1263 920 1345; x_wconf 83' lang='lat' dir='ltr'><strong>suasit,</strong></span> <span class='ocrx_word' id='word_1_46' title='bbox 944 1265 980 1326; x_wconf 88' lang='lat' dir='ltr'><strong>ut</strong></span> <span class='ocrx_word' id='word_1_47' title='bbox 1003 1263 1208 1346; x_wconf 87' lang='lat' dir='ltr'><strong>semetipsum</strong></span> <span class='ocrx_word' id='word_1_48' title='bbox 1236 1264 1418 1328; x_wconf 89' lang='lat' dir='ltr'><strong>voluntario</strong></span> <span class='ocrx_word' id='word_1_49' title='bbox 1446 1263 1553 1346; x_wconf 90' lang='lat' dir='ltr'><strong>aliquo</strong></span> 
     </span>
     <span class='ocr_line' id='line_1_7' title="bbox 405 1364 1554 1450; baseline 0 -22"><span class='ocrx_word' id='word_1_50' title='bbox 405 1366 524 1429; x_wconf 89' lang='lat' dir='ltr'><strong>damno</strong></span> <span class='ocrx_word' id='word_1_51' title='bbox 551 1365 705 1450; x_wconf 81' lang='lat' dir='ltr'><strong>multaret</strong></span> <span class='ocrx_word' id='word_1_52' title='bbox 732 1385 830 1448; x_wconf 86' lang='lat' dir='ltr'><strong>coque</strong></span> <span class='ocrx_word' id='word_1_53' title='bbox 866 1364 974 1427; x_wconf 90' lang='lat' dir='ltr'><strong>dolore</strong></span> <span class='ocrx_word' id='word_1_54' title='bbox 1002 1371 1134 1429; x_wconf 81' lang='lat' dir='ltr'><strong>tucidum</strong></span> <span class='ocrx_word' id='word_1_55' title='bbox 1158 1386 1265 1429; x_wconf 82' lang='lat' dir='ltr'><strong>numen</strong></span> <span class='ocrx_word' id='word_1_56' title='bbox 1297 1365 1468 1445; x_wconf 75' lang='lat' dir='ltr'><strong>placaret2.</strong></span> <span class='ocrx_word' id='word_1_57' title='bbox 1514 1371 1554 1429; x_wconf 84' lang='lat' dir='ltr'><strong>Id</strong></span> 
     </span>
     <span class='ocr_line' id='line_1_8' title="bbox 404 1467 1553 1546; baseline -0.003 -14"><span class='ocrx_word' id='word_1_58' title='bbox 404 1489 473 1532; x_wconf 86' lang='lat' dir='ltr'><strong>cum</strong></span> <span class='ocrx_word' id='word_1_59' title='bbox 501 1488 563 1531; x_wconf 86' lang='grc'><strong>111</strong></span> <span class='ocrx_word' id='word_1_60' title='bbox 589 1471 788 1546; x_wconf 74' lang='lat' dir='ltr'><strong>improbasset</strong></span> <span class='ocrx_word' id='word_1_61' title='bbox 819 1471 1010 1545; x_wconf 77' lang='lat' dir='ltr'><strong>Polycrates,</strong></span> <span class='ocrx_word' id='word_1_62' title='bbox 1053 1469 1138 1542; x_wconf 86' lang='lat' dir='ltr'><strong>sorte</strong></span> <span class='ocrx_word' id='word_1_63' title='bbox 1171 1473 1197 1531; x_wconf 87' lang='lat' dir='ltr'><strong>r&#39;s</strong></span> <span class='ocrx_word' id='word_1_64' title='bbox 1222 1474 1254 1531; x_wconf 83' lang='lat' dir='ltr'><strong>irr</strong></span> <span class='ocrx_word' id='word_1_65' title='bbox 1282 1486 1377 1531; x_wconf 81' lang='lat' dir='ltr'><strong>aureo</strong></span> <span class='ocrx_word' id='word_1_66' title='bbox 1412 1467 1553 1530; x_wconf 88' lang='lat' dir='ltr'><strong>habebat</strong></span> 
     </span>
     <span class='ocr_line' id='line_1_9' title="bbox 405 1566 1552 1652; baseline -0.001 -20"><span class='ocrx_word' id='word_1_67' title='bbox 405 1568 531 1650; x_wconf 83' lang='lat' dir='ltr'><strong>anulo³,</strong></span> <span class='ocrx_word' id='word_1_68' title='bbox 561 1568 764 1651; x_wconf 79' lang='lat' dir='ltr'><strong>manupretio</strong></span> <span class='ocrx_word' id='word_1_69' title='bbox 798 1569 950 1650; x_wconf 79' lang='lat' dir='ltr'><strong>summo⁴,</strong></span> <span class='ocrx_word' id='word_1_70' title='bbox 980 1566 1065 1631; x_wconf 87' lang='lat' dir='ltr'><strong>facie</strong></span> <span class='ocrx_word' id='word_1_71' title='bbox 1093 1567 1209 1631; x_wconf 85' lang='lat' dir='ltr'><strong>eximia</strong></span> <span class='ocrx_word' id='word_1_72' title='bbox 1236 1568 1377 1651; x_wconf 85' lang='lat' dir='ltr'><strong>lapidem</strong></span> <span class='ocrx_word' id='word_1_73' title='bbox 1409 1589 1552 1652; x_wconf 84' lang='lat' dir='ltr'><strong>smarag-</strong></span> 
     </span>
     <span class='ocr_line' id='line_1_10' title="bbox 404 1651 1552 1753; baseline 0 -20"><span class='ocrx_word' id='word_1_74' title='bbox 404 1671 490 1733; x_wconf 89' lang='lat' dir='ltr'><strong>dum.</strong></span> <span class='ocrx_word' id='word_1_75' title='bbox 521 1669 607 1733; x_wconf 80' lang='lat' dir='ltr'><strong>Eum</strong></span> <span class='ocrx_word' id='word_1_76' title='bbox 621 1668 807 1753; x_wconf 78' lang='lat' dir='ltr'><strong>Polycrates</strong></span> <span class='ocrx_word' id='word_1_77' title='bbox 823 1669 955 1732; x_wconf 89' lang='lat' dir='ltr'><strong>anulum</strong></span> <span class='ocrx_word' id='word_1_78' title='bbox 977 1690 1060 1732; x_wconf 89' lang='lat' dir='ltr'><strong>nave</strong></span> <span class='ocrx_word' id='word_1_79' title='bbox 1082 1669 1181 1753; x_wconf 85' lang='lat' dir='ltr'><strong>longa</strong></span> <span class='ocrx_word' id='word_1_80' title='bbox 1203 1651 1239 1733; x_wconf 82' lang='lat' dir='ltr'><strong>iri</strong></span> <span class='ocrx_word' id='word_1_81' title='bbox 1261 1669 1361 1732; x_wconf 91' lang='lat' dir='ltr'><strong>altum</strong></span> <span class='ocrx_word' id='word_1_82' title='bbox 1383 1672 1552 1753; x_wconf 88' lang='lat' dir='ltr'><strong>provectus</strong></span> 
     </span>
     <span class='ocr_line' id='line_1_11' title="bbox 404 1769 1549 1854; baseline 0 -20"><span class='ocrx_word' id='word_1_83' title='bbox 404 1773 519 1854; x_wconf 89' lang='lat' dir='ltr'><strong>sponte</strong></span> <span class='ocrx_word' id='word_1_84' title='bbox 553 1771 587 1834; x_wconf 90' lang='lat' dir='ltr'><strong>in</strong></span> <span class='ocrx_word' id='word_1_85' title='bbox 620 1792 708 1834; x_wconf 92' lang='lat' dir='ltr'><strong>mare</strong></span> <span class='ocrx_word' id='word_1_86' title='bbox 742 1769 875 1852; x_wconf 78' lang='lat' dir='ltr'><strong>abiecit,</strong></span> <span class='ocrx_word' id='word_1_87' title='bbox 909 1770 994 1834; x_wconf 89' lang='lat' dir='ltr'><strong>unde</strong></span> <span class='ocrx_word' id='word_1_88' title='bbox 1033 1792 1207 1853; x_wconf 84' lang='lat' dir='ltr'><strong>numquam</strong></span> <span class='ocrx_word' id='word_1_89' title='bbox 1238 1820 1244 1833; x_wconf 94' lang='lat'>.</span> <span class='ocrx_word' id='word_1_90' title='bbox 1271 1820 1278 1834; x_wconf 86' lang='lat'><strong>.</strong></span> <span class='ocrx_word' id='word_1_91' title='bbox 1305 1771 1333 1834; x_wconf 80' lang='lat'><strong>‚⁵</strong></span> <span class='ocrx_word' id='word_1_92' title='bbox 1361 1774 1549 1854; x_wconf 85' lang='lat' dir='ltr'><strong>emergeret.</strong></span> 
     </span>
     <span class='ocr_line' id='line_1_12' title="bbox 404 1872 1552 1956; baseline 0 -21"><span class='ocrx_word' id='word_1_93' title='bbox 404 1872 486 1936; x_wconf 85' lang='lat' dir='ltr'><strong>Tum</strong></span> <span class='ocrx_word' id='word_1_94' title='bbox 509 1872 593 1956; x_wconf 91' lang='lat' dir='ltr'><strong>quod</strong></span> <span class='ocrx_word' id='word_1_95' title='bbox 616 1873 721 1936; x_wconf 89' lang='lat' dir='ltr'><strong>sciens</strong></span> <span class='ocrx_word' id='word_1_96' title='bbox 744 1883 913 1954; x_wconf 84' lang='lat' dir='ltr'><strong>sponteque</strong></span> <span class='ocrx_word' id='word_1_97' title='bbox 928 1877 962 1935; x_wconf 85' lang='lat' dir='ltr'><strong>td</strong></span> <span class='ocrx_word' id='word_1_98' title='bbox 971 1874 1111 1954; x_wconf 80' lang='lat' dir='ltr'><strong>fecisset,</strong></span> <span class='ocrx_word' id='word_1_99' title='bbox 1136 1873 1297 1936; x_wconf 89' lang='lat' dir='ltr'><strong>abiectum</strong></span> <span class='ocrx_word' id='word_1_100' title='bbox 1319 1878 1552 1936; x_wconf 69' lang='lat' dir='ltr'><strong>cantumerulae</strong></span> 
     </span>
     <span class='ocr_line' id='line_1_13' title="bbox 404 1962 1549 2061; baseline -0.001 -25"><span class='ocrx_word' id='word_1_101' title='bbox 404 1973 561 2038; x_wconf 68' lang='lat' dir='ltr'><strong>dolebatss.</strong></span> <span class='ocrx_word' id='word_1_102' title='bbox 609 1980 685 2039; x_wconf 78' lang='lat' dir='ltr'><strong>Mox</strong></span> <span class='ocrx_word' id='word_1_103' title='bbox 712 1978 861 2052; x_wconf 81' lang='lat' dir='ltr'><strong>proadem</strong></span> <span class='ocrx_word' id='word_1_104' title='bbox 889 1979 1005 2053; x_wconf 76' lang='lat' dir='ltr'><strong>piscem</strong></span> <span class='ocrx_word' id='word_1_105' title='bbox 1038 1962 1179 2056; x_wconf 88' lang='lat' dir='ltr'><strong>piscator</strong></span> <span class='ocrx_word' id='word_1_106' title='bbox 1209 1971 1360 2061; x_wconf 84' lang='lat' dir='ltr'><strong>[quidam]</strong></span> <span class='ocrx_word' id='word_1_107' title='bbox 1389 1973 1549 2057; x_wconf 75' lang='lat' dir='ltr'><strong>nactusl⁷‚</strong></span> 
     </span>
     <span class='ocr_line' id='line_1_14' title="bbox 403 2073 1553 2160; baseline -0.001 -21"><span class='ocrx_word' id='word_1_108' title='bbox 403 2075 576 2160; x_wconf 86' lang='lat' dir='ltr'><strong>indignum</strong></span> <span class='ocrx_word' id='word_1_109' title='bbox 599 2075 689 2137; x_wconf 85' lang='lat' dir='ltr'><strong>duxit</strong></span> <span class='ocrx_word' id='word_1_110' title='bbox 712 2074 751 2137; x_wconf 88' lang='lat' dir='ltr'><strong>ad</strong></span> <span class='ocrx_word' id='word_1_111' title='bbox 773 2073 895 2138; x_wconf 85' lang='lat' dir='ltr'><strong>venalis</strong></span> <span class='ocrx_word' id='word_1_112' title='bbox 918 2074 1052 2155; x_wconf 88' lang='lat' dir='ltr'><strong>deferre,</strong></span> <span class='ocrx_word' id='word_1_113' title='bbox 1078 2074 1133 2137; x_wconf 89' lang='lat' dir='ltr'><strong>sed</strong></span> <span class='ocrx_word' id='word_1_114' title='bbox 1156 2075 1310 2158; x_wconf 74' lang='lat' dir='ltr'><strong>dignitati</strong></span> <span class='ocrx_word' id='word_1_115' title='bbox 1337 2097 1454 2158; x_wconf 85' lang='lat' dir='ltr'><strong>parens</strong></span> <span class='ocrx_word' id='word_1_116' title='bbox 1481 2075 1553 2159; x_wconf 84' lang='lat' dir='ltr'><strong>regi</strong></span> 
     </span>
     <span class='ocr_line' id='line_1_15' title="bbox 404 2173 1551 2261; baseline -0.002 -21"><span class='ocrx_word' id='word_1_117' title='bbox 404 2177 532 2240; x_wconf 90' lang='lat' dir='ltr'><strong>obtulit.</strong></span> <span class='ocrx_word' id='word_1_118' title='bbox 578 2176 648 2240; x_wconf 83' lang='lat' dir='ltr'><strong>Rex</strong></span> <span class='ocrx_word' id='word_1_119' title='bbox 677 2178 807 2260; x_wconf 86' lang='lat' dir='ltr'><strong>gratum</strong></span> <span class='ocrx_word' id='word_1_120' title='bbox 835 2179 1065 2258; x_wconf 85' lang='lat' dir='ltr'><strong>acceptumque</strong></span> <span class='ocrx_word' id='word_1_121' title='bbox 1092 2175 1207 2239; x_wconf 88' lang='lat' dir='ltr'><strong>habuit</strong></span> <span class='ocrx_word' id='word_1_122' title='bbox 1242 2173 1349 2261; x_wconf 80' lang='lat' dir='ltr'><strong>[atque</strong></span> <span class='ocrx_word' id='word_1_123' title='bbox 1378 2177 1419 2239; x_wconf 87' lang='lat' dir='ltr'><strong>ab</strong></span> <span class='ocrx_word' id='word_1_124' title='bbox 1446 2177 1551 2258; x_wconf 90' lang='lat' dir='ltr'><strong>operis</strong></span> 
     </span>
     <span class='ocr_line' id='line_1_16' title="bbox 405 2266 1550 2365; baseline -0.001 -24"><span class='ocrx_word' id='word_1_125' title='bbox 405 2277 582 2365; x_wconf 79' lang='lat' dir='ltr'><strong>culinariis]</strong></span> <span class='ocrx_word' id='word_1_126' title='bbox 622 2279 742 2361; x_wconf 87' lang='lat' dir='ltr'><strong>apponi</strong></span> <span class='ocrx_word' id='word_1_127' title='bbox 773 2277 882 2341; x_wconf 88' lang='lat' dir='ltr'><strong>iussit:</strong></span> <span class='ocrx_word' id='word_1_128' title='bbox 916 2298 997 2360; x_wconf 91' lang='lat' dir='ltr'><strong>quae</strong></span> <span class='ocrx_word' id='word_1_129' title='bbox 1031 2298 1103 2340; x_wconf 92' lang='lat' dir='ltr'><strong>cum</strong></span> <span class='ocrx_word' id='word_1_130' title='bbox 1137 2277 1278 2360; x_wconf 87' lang='lat' dir='ltr'><strong>piscem8</strong></span> <span class='ocrx_word' id='word_1_131' title='bbox 1312 2266 1550 2341; x_wconf 77' lang='lat' dir='ltr'><strong>contrectantes</strong></span> 
     </span>
     <span class='ocr_line' id='line_1_17' title="bbox 404 2377 1550 2462; baseline -0.002 -19"><span class='ocrx_word' id='word_1_132' title='bbox 404 2380 537 2443; x_wconf 89' lang='lat' dir='ltr'><strong>anulum</strong></span> <span class='ocrx_word' id='word_1_133' title='bbox 561 2378 631 2442; x_wconf 86' lang='lat' dir='ltr'><strong>alvo</strong></span> <span class='ocrx_word' id='word_1_134' title='bbox 654 2381 817 2462; x_wconf 89' lang='lat' dir='ltr'><strong>repertum</strong></span> <span class='ocrx_word' id='word_1_135' title='bbox 839 2379 879 2443; x_wconf 89' lang='lat' dir='ltr'><strong>ad</strong></span> <span class='ocrx_word' id='word_1_136' title='bbox 900 2399 1011 2462; x_wconf 84' lang='lat' dir='ltr'><strong>regem</strong></span> <span class='ocrx_word' id='word_1_137' title='bbox 1033 2377 1210 2462; x_wconf 85' lang='lat' dir='ltr'><strong>gaudentes</strong></span> <span class='ocrx_word' id='word_1_138' title='bbox 1236 2378 1429 2442; x_wconf 89' lang='lat' dir='ltr'><strong>detulerunt.</strong></span> <span class='ocrx_word' id='word_1_139' title='bbox 1468 2378 1550 2442; x_wconf 80' lang='lat' dir='ltr'><strong>Tum</strong></span> 
     </span>
     <span class='ocr_line' id='line_1_18' title="bbox 403 2470 1550 2565; baseline 0 -22"><span class='ocrx_word' id='word_1_140' title='bbox 403 2481 590 2565; x_wconf 85' lang='lat' dir='ltr'><strong>Polycrates</strong></span> <span class='ocrx_word' id='word_1_141' title='bbox 615 2480 741 2544; x_wconf 89' lang='lat' dir='ltr'><strong>litteras</strong></span> <span class='ocrx_word' id='word_1_142' title='bbox 771 2470 883 2544; x_wconf 86' lang='lat' dir='ltr'><strong>ordine</strong></span> <span class='ocrx_word' id='word_1_143' title='bbox 912 2481 950 2544; x_wconf 89' lang='lat' dir='ltr'><strong>de</strong></span> <span class='ocrx_word' id='word_1_144' title='bbox 978 2501 1054 2544; x_wconf 90' lang='lat' dir='ltr'><strong>casu</strong></span> <span class='ocrx_word' id='word_1_145' title='bbox 1082 2483 1114 2543; x_wconf 90' lang='lat' dir='ltr'><strong>et</strong></span> <span class='ocrx_word' id='word_1_146' title='bbox 1138 2480 1336 2564; x_wconf 89' lang='lat' dir='ltr'><strong>postliminio</strong></span> <span class='ocrx_word' id='word_1_147' title='bbox 1365 2480 1453 2543; x_wconf 89' lang='lat' dir='ltr'><strong>anuli</strong></span> <span class='ocrx_word' id='word_1_148' title='bbox 1480 2503 1550 2563; x_wconf 90' lang='lat' dir='ltr'><strong>per-</strong></span> 
     </span>
     <span class='ocr_line' id='line_1_19' title="bbox 402 2581 1586 2666; baseline -0.001 -20"><span class='ocrx_word' id='word_1_149' title='bbox 402 2582 539 2646; x_wconf 87' lang='lat' dir='ltr'><strong>scribtas</strong></span> <span class='ocrx_word' id='word_1_150' title='bbox 563 2581 604 2644; x_wconf 87' lang='lat' dir='ltr'><strong>ad</strong></span> <span class='ocrx_word' id='word_1_151' title='bbox 625 2602 736 2665; x_wconf 84' lang='lat' dir='ltr'><strong>regem</strong></span> <span class='ocrx_word' id='word_1_152' title='bbox 759 2581 904 2645; x_wconf 88' lang='lat' dir='ltr'><strong>Amasim</strong></span> <span class='ocrx_word' id='word_1_153' title='bbox 931 2581 1044 2645; x_wconf 87' lang='lat' dir='ltr'><strong>mittit.</strong></span> <span class='ocrx_word' id='word_1_154' title='bbox 1090 2581 1220 2645; x_wconf 81' lang='lat' dir='ltr'><strong>Amasis</strong></span> <span class='ocrx_word' id='word_1_155' title='bbox 1242 2603 1397 2666; x_wconf 84' lang='lat' dir='ltr'><strong>magnum</strong></span> <span class='ocrx_word' id='word_1_156' title='bbox 1425 2586 1457 2645; x_wconf 92' lang='lat' dir='ltr'><strong>et</strong></span> <span class='ocrx_word' id='word_1_157' title='bbox 1484 2604 1550 2645; x_wconf 86' lang='lat' dir='ltr'><strong>ma-</strong></span> <span class='ocrx_word' id='word_1_158' title='bbox 1578 2608 1586 2611; x_wconf 83' lang='grc'><strong><em>·</em></strong></span> 
     </span>
     <span class='ocr_line' id='line_1_20' title="bbox 401 2682 1549 2768; baseline 0 -21"><span class='ocrx_word' id='word_1_159' title='bbox 401 2687 510 2747; x_wconf 90' lang='lat' dir='ltr'><strong>turum</strong></span> <span class='ocrx_word' id='word_1_160' title='bbox 545 2682 666 2745; x_wconf 90' lang='lat' dir='ltr'><strong>malurn</strong></span> <span class='ocrx_word' id='word_1_161' title='bbox 694 2682 856 2766; x_wconf 86' lang='lat' dir='ltr'><strong>Polycrati</strong></span> <span class='ocrx_word' id='word_1_162' title='bbox 890 2683 1075 2747; x_wconf 89' lang='lat' dir='ltr'><strong>coniectans</strong></span> <span class='ocrx_word' id='word_1_163' title='bbox 1104 2683 1279 2747; x_wconf 89' lang='lat' dir='ltr'><strong>amicitiam</strong></span> <span class='ocrx_word' id='word_1_164' title='bbox 1312 2683 1549 2768; x_wconf 90' lang='lat' dir='ltr'><strong>hospitiumque</strong></span> 
     </span>
     <span class='ocr_line' id='line_1_21' title="bbox 401 2783 1549 2869; baseline 0 -21"><span class='ocrx_word' id='word_1_165' title='bbox 401 2785 583 2866; x_wconf 87' lang='lat' dir='ltr'><strong>renuntiat,</strong></span> <span class='ocrx_word' id='word_1_166' title='bbox 615 2787 652 2847; x_wconf 92' lang='lat' dir='ltr'><strong>ut</strong></span> <span class='ocrx_word' id='word_1_167' title='bbox 679 2783 784 2848; x_wconf 88' lang='lat' dir='ltr'><strong>alieno</strong></span> <span class='ocrx_word' id='word_1_168' title='bbox 811 2784 929 2867; x_wconf 85' lang='lat' dir='ltr'><strong>potius,</strong></span> <span class='ocrx_word' id='word_1_169' title='bbox 965 2806 1021 2848; x_wconf 87' lang='lat' dir='ltr'><strong>suo</strong></span> <span class='ocrx_word' id='word_1_170' title='bbox 1051 2807 1147 2869; x_wconf 92' lang='lat' dir='ltr'><strong>quam</strong></span> <span class='ocrx_word' id='word_1_171' title='bbox 1175 2785 1334 2868; x_wconf 78' lang='lat' dir='ltr'><strong>hospitei9</strong></span> <span class='ocrx_word' id='word_1_172' title='bbox 1368 2787 1424 2848; x_wconf 90' lang='lat' dir='ltr'><strong>aut</strong></span> <span class='ocrx_word' id='word_1_173' title='bbox 1446 2784 1549 2849; x_wconf 92' lang='lat' dir='ltr'><strong>amico</strong></span> 
     </span>
     <span class='ocr_line' id='line_1_22' title="bbox 400 2885 1323 2970; baseline -0.001 -20"><span class='ocrx_word' id='word_1_174' title='bbox 400 2886 566 2951; x_wconf 89' lang='lat' dir='ltr'><strong>fortunam</strong></span> <span class='ocrx_word' id='word_1_175' title='bbox 589 2887 818 2950; x_wconf 89' lang='lat' dir='ltr'><strong>commutatam</strong></span> <span class='ocrx_word' id='word_1_176' title='bbox 841 2885 943 2968; x_wconf 85' lang='lat' dir='ltr'><strong>ipse¹⁰</strong></span> <span class='ocrx_word' id='word_1_177' title='bbox 967 2887 1074 2949; x_wconf 90' lang='lat' dir='ltr'><strong>minus</strong></span> <span class='ocrx_word' id='word_1_178' title='bbox 1097 2908 1192 2970; x_wconf 84' lang='lat' dir='ltr'><strong>aegre</strong></span> <span class='ocrx_word' id='word_1_179' title='bbox 1213 2886 1323 2950; x_wconf 86' lang='lat' dir='ltr'><strong>ferret.</strong></span> 
     </span>
    </p>
   </div>
   <div class='ocr_carea' id='block_1_6' title="bbox 402 3120 1549 3277">
    <p class='ocr_par' dir='ltr' id='par_1_6' title="bbox 402 3120 1549 3277">
     <span class='ocr_line' id='line_1_23' title="bbox 488 3120 1549 3191; baseline -0.001 -14"><span class='ocrx_word' id='word_1_180' title='bbox 488 3130 501 3177; x_wconf 95' lang='grc'><strong>1</strong></span> <span class='ocrx_word' id='word_1_181' title='bbox 520 3121 697 3177; x_wconf 88' lang='lat' dir='ltr'><strong>Heindorfius</strong></span> <span class='ocrx_word' id='word_1_182' title='bbox 713 3122 836 3191; x_wconf 79' lang='lat' dir='ltr'><strong>suppletr</strong></span> <span class='ocrx_word' id='word_1_183' title='bbox 856 3120 913 3187; x_wconf 84' lang='lat' dir='ltr'><strong>Cui,</strong></span> <span class='ocrx_word' id='word_1_184' title='bbox 933 3139 995 3175; x_wconf 93' lang='lat' dir='ltr'><strong>cum</strong></span> <span class='ocrx_word' id='word_1_185' title='bbox 1012 3126 1057 3176; x_wconf 81' lang='lat' dir='ltr'><strong>sub</strong></span> <span class='ocrx_word' id='word_1_186' title='bbox 1070 3142 1157 3175; x_wconf 81' lang='lat' dir='ltr'><strong>marrus</strong></span> <span class='ocrx_word' id='word_1_187' title='bbox 1169 3133 1259 3175; x_wconf 85' lang='lat' dir='ltr'><strong>cuncta</strong></span> <span class='ocrx_word' id='word_1_188' title='bbox 1270 3141 1379 3190; x_wconf 67' lang='lat' dir='ltr'><strong>pror-sm</strong></span> <span class='ocrx_word' id='word_1_189' title='bbox 1391 3126 1549 3176; x_wconf 84' lang='lat' dir='ltr'><strong>beatissimus</strong></span> 
     </span>
     <span class='ocr_line' id='line_1_24' title="bbox 402 3205 1548 3277; baseline -0.001 -16"><span class='ocrx_word' id='word_1_190' title='bbox 402 3208 572 3277; x_wconf 85' lang='lat' dir='ltr'><strong>redegisset,</strong></span> <span class='ocrx_word' id='word_1_191' title='bbox 596 3228 647 3262; x_wconf 80' lang='lat' dir='ltr'><strong>rex</strong></span> <span class='ocrx_word' id='word_1_192' title='bbox 665 3213 768 3262; x_wconf 81' lang='lat' dir='ltr'><strong>Amasis</strong></span> <span class='ocrx_word' id='word_1_193' title='bbox 786 3213 929 3276; x_wconf 79' lang='lat' dir='ltr'><strong>Aeppptius</strong></span> <span class='ocrx_word' id='word_1_194' title='bbox 946 3213 1065 3274; x_wconf 82' lang='lat' dir='ltr'><strong>sapiens,</strong></span> <span class='ocrx_word' id='word_1_195' title='bbox 1091 3206 1220 3260; x_wconf 87' lang='lat' dir='ltr'><strong>fortunae</strong></span> <span class='ocrx_word' id='word_1_196' title='bbox 1237 3205 1433 3275; x_wconf 86' lang='lat' dir='ltr'><strong>peritissimus,</strong></span> <span class='ocrx_word' id='word_1_197' title='bbox 1452 3214 1548 3261; x_wconf 81' lang='lat' dir='ltr'><strong>cousul—</strong></span> 
     </span>
    </p>
   </div>
   <div class='ocr_carea' id='block_1_7' title="bbox 400 3296 1615 3445">
    <p class='ocr_par' dir='ltr' id='par_1_7' title="bbox 400 3296 1615 3445">
     <span class='ocr_line' id='line_1_25' title="bbox 400 3296 521 3356; baseline 0.017 -11"><span class='ocrx_word' id='word_1_198' title='bbox 400 3304 448 3356; x_wconf 87' lang='lat' dir='ltr'><strong>tus,</strong></span> <span class='ocrx_word' id='word_1_199' title='bbox 469 3296 521 3347; x_wconf 82' lang='lat' dir='ltr'><strong>cet.</strong></span> 
     </span>
     <span class='ocr_line' id='line_1_26' title="bbox 486 3373 1615 3445; baseline -0.002 -14"><span class='ocrx_word' id='word_1_200' title='bbox 486 3384 501 3431; x_wconf 80' lang='lat'><strong>2</strong></span> <span class='ocrx_word' id='word_1_201' title='bbox 519 3376 709 3431; x_wconf 85' lang='lat' dir='ltr'><strong>Heindorfius:</strong></span> <span class='ocrx_word' id='word_1_202' title='bbox 728 3395 807 3445; x_wconf 84' lang='lat' dir='ltr'><strong>coque</strong></span> <span class='ocrx_word' id='word_1_203' title='bbox 823 3381 911 3430; x_wconf 80' lang='lat' dir='ltr'><strong>dolore</strong></span> <span class='ocrx_word' id='word_1_204' title='bbox 922 3375 1036 3429; x_wconf 90' lang='lat' dir='ltr'><strong>deorum</strong></span> <span class='ocrx_word' id='word_1_205' title='bbox 1047 3373 1097 3440; x_wconf 86' lang='lat' dir='ltr'><strong>(vel</strong></span> <span class='ocrx_word' id='word_1_206' title='bbox 1105 3375 1245 3442; x_wconf 80' lang='lat' dir='ltr'><strong>fortunae)</strong></span> <span class='ocrx_word' id='word_1_207' title='bbox 1256 3375 1392 3443; x_wconf 86' lang='lat' dir='ltr'><strong>effugeret</strong></span> <span class='ocrx_word' id='word_1_208' title='bbox 1405 3375 1547 3429; x_wconf 85' lang='lat' dir='ltr'><strong>invidiam.</strong></span> <span class='ocrx_word' id='word_1_209' title='bbox 1606 3431 1615 3437; x_wconf 72' lang='grc'><strong>,</strong></span> 
     </span>
    </p>
   </div>
   <div class='ocr_carea' id='block_1_8' title="bbox 399 3458 1548 4775">
    <p class='ocr_par' dir='ltr' id='par_1_8' title="bbox 400 3458 1548 3684">
     <span class='ocr_line' id='line_1_27' title="bbox 486 3458 1548 3527; baseline -0.004 -11"><span class='ocrx_word' id='word_1_210' title='bbox 486 3463 551 3516; x_wconf 82' lang='lat'>3111</span> <span class='ocrx_word' id='word_1_211' title='bbox 569 3461 619 3513; x_wconf 84' lang='lat' dir='ltr'><strong>Ed.</strong></span> <span class='ocrx_word' id='word_1_212' title='bbox 638 3460 751 3515; x_wconf 85' lang='lat' dir='ltr'><strong>Mediol.</strong></span> <span class='ocrx_word' id='word_1_213' title='bbox 771 3460 860 3513; x_wconf 88' lang='lat' dir='ltr'><strong>Maius</strong></span> <span class='ocrx_word' id='word_1_214' title='bbox 884 3458 986 3512; x_wconf 85' lang='lat' dir='ltr'><strong>diserte</strong></span> <span class='ocrx_word' id='word_1_215' title='bbox 1009 3459 1129 3512; x_wconf 84' lang='lat' dir='ltr'><strong>testatur</strong></span> <span class='ocrx_word' id='word_1_216' title='bbox 1151 3459 1208 3527; x_wconf 84' lang='lat' dir='ltr'><strong>legi</strong></span> <span class='ocrx_word' id='word_1_217' title='bbox 1231 3459 1260 3512; x_wconf 92' lang='lat' dir='ltr'><strong>in</strong></span> <span class='ocrx_word' id='word_1_218' title='bbox 1283 3459 1397 3513; x_wconf 80' lang='lat' dir='ltr'><strong>Codice:</strong></span> <span class='ocrx_word' id='word_1_219' title='bbox 1428 3463 1548 3513; x_wconf 83' lang='lat' dir='ltr'><strong>Habebat</strong></span> 
     </span>
     <span class='ocr_line' id='line_1_28' title="bbox 400 3539 1544 3600; baseline -0.003 0"><span class='ocrx_word' id='word_1_220' title='bbox 400 3547 500 3600; x_wconf 88' lang='lat' dir='ltr'><strong>Darius</strong></span> <span class='ocrx_word' id='word_1_221' title='bbox 519 3553 602 3600; x_wconf 82' lang='lat' dir='ltr'><strong>anulo.</strong></span> <span class='ocrx_word' id='word_1_222' title='bbox 639 3545 711 3598; x_wconf 88' lang='lat' dir='ltr'><strong>Hinc</strong></span> <span class='ocrx_word' id='word_1_223' title='bbox 729 3544 916 3598; x_wconf 86' lang='lat' dir='ltr'><strong>Heindorfius:</strong></span> <span class='ocrx_word' id='word_1_224' title='bbox 945 3547 1065 3596; x_wconf 81' lang='lat' dir='ltr'><strong>Hubclrut</strong></span> <span class='ocrx_word' id='word_1_225' title='bbox 1086 3563 1165 3596; x_wconf 84' lang='lat' dir='ltr'><strong>aureo</strong></span> <span class='ocrx_word' id='word_1_226' title='bbox 1183 3539 1209 3595; x_wconf 82' lang='lat' dir='ltr'><strong>iu</strong></span> <span class='ocrx_word' id='word_1_227' title='bbox 1227 3550 1310 3598; x_wconf 85' lang='lat' dir='ltr'><strong>cnuto.</strong></span> <span class='ocrx_word' id='word_1_228' title='bbox 1346 3544 1378 3596; x_wconf 90' lang='lat' dir='ltr'><strong>In</strong></span> <span class='ocrx_word' id='word_1_229' title='bbox 1396 3543 1446 3597; x_wconf 86' lang='lat' dir='ltr'><strong>Ed.</strong></span> <span class='ocrx_word' id='word_1_230' title='bbox 1466 3545 1544 3598; x_wconf 81' lang='lat' dir='ltr'><strong>Rom.</strong></span> 
     </span>
     <span class='ocr_line' id='line_1_29' title="bbox 400 3628 723 3684; baseline -0.012 0"><span class='ocrx_word' id='word_1_231' title='bbox 400 3630 469 3684; x_wconf 90' lang='lat' dir='ltr'><strong>illud</strong></span> <span class='ocrx_word' id='word_1_232' title='bbox 487 3635 584 3684; x_wconf 83' lang='lat' dir='ltr'><strong>Durius</strong></span> <span class='ocrx_word' id='word_1_233' title='bbox 602 3628 723 3683; x_wconf 88' lang='lat' dir='ltr'><strong>evanuit.</strong></span> 
     </span>
    </p>

    <p class='ocr_par' dir='ltr' id='par_1_9' title="bbox 402 3712 1547 3868">
     <span class='ocr_line' id='line_1_30' title="bbox 485 3712 1547 3783; baseline -0.001 -15"><span class='ocrx_word' id='word_1_234' title='bbox 485 3721 501 3768; x_wconf 86' lang='grc'>4</span> <span class='ocrx_word' id='word_1_235' title='bbox 520 3712 1018 3783; x_wconf 69' lang='grc' dir='ltr'><strong>1111111111Μ1111111111111111,</strong></span> <span class='ocrx_word' id='word_1_236' title='bbox 1049 3713 1124 3781; x_wconf 89' lang='lat' dir='ltr'><strong>quod</strong></span> <span class='ocrx_word' id='word_1_237' title='bbox 1146 3713 1175 3766; x_wconf 93' lang='lat' dir='ltr'><strong>in</strong></span> <span class='ocrx_word' id='word_1_238' title='bbox 1198 3714 1297 3767; x_wconf 86' lang='lat' dir='ltr'><strong>lacuna</strong></span> <span class='ocrx_word' id='word_1_239' title='bbox 1320 3712 1422 3766; x_wconf 86' lang='lat' dir='ltr'><strong>alicubi</strong></span> <span class='ocrx_word' id='word_1_240' title='bbox 1443 3713 1547 3781; x_wconf 87' lang='lat' dir='ltr'><strong>legitur</strong></span> 
     </span>
     <span class='ocr_line' id='line_1_31' title="bbox 402 3804 652 3868; baseline -0.008 -15"><span class='ocrx_word' id='word_1_241' title='bbox 402 3805 468 3867; x_wconf 84' lang='lat' dir='ltr'><strong>post</strong></span> <span class='ocrx_word' id='word_1_242' title='bbox 485 3804 652 3868; x_wconf 76' lang='lat' dir='ltr'><strong>scuarupdum.</strong></span> 
     </span>
    </p>

    <p class='ocr_par' dir='ltr' id='par_1_10' title="bbox 400 3881 1547 4037">
     <span class='ocr_line' id='line_1_32' title="bbox 449 3881 1547 3952; baseline 0 -16"><span class='ocrx_word' id='word_1_243' title='bbox 449 3913 454 3928; x_wconf 58' lang='grc' dir='ltr'>ι</span> <span class='ocrx_word' id='word_1_244' title='bbox 485 3889 501 3936; x_wconf 84' lang='grc'>5</span> <span class='ocrx_word' id='word_1_245' title='bbox 520 3882 623 3952; x_wconf 85' lang='lat' dir='ltr'><strong>Supple</strong></span> <span class='ocrx_word' id='word_1_246' title='bbox 636 3900 722 3935; x_wconf 90' lang='lat' dir='ltr'><strong>unum</strong></span> <span class='ocrx_word' id='word_1_247' title='bbox 734 3881 858 3936; x_wconf 89' lang='lat' dir='ltr'><strong>verbum.</strong></span> <span class='ocrx_word' id='word_1_248' title='bbox 875 3886 968 3936; x_wconf 81' lang='lat' dir='ltr'><strong>Maius.</strong></span> <span class='ocrx_word' id='word_1_249' title='bbox 982 3881 1169 3936; x_wconf 85' lang='lat' dir='ltr'><strong>Heindorfius:</strong></span> <span class='ocrx_word' id='word_1_250' title='bbox 1188 3889 1254 3937; x_wconf 82' lang='lat' dir='ltr'><strong>unde</strong></span> <span class='ocrx_word' id='word_1_251' title='bbox 1267 3904 1396 3952; x_wconf 75' lang='lat' dir='ltr'><strong>aurequum</strong></span> <span class='ocrx_word' id='word_1_252' title='bbox 1406 3883 1547 3936; x_wconf 88' lang='lat' dir='ltr'><strong>videretur</strong></span> 
     </span>
     <span class='ocr_line' id='line_1_33' title="bbox 400 3984 635 4037; baseline -0.013 -16"><span class='ocrx_word' id='word_1_253' title='bbox 400 3984 484 4037; x_wconf 85' lang='lat' dir='ltr'><strong>posse</strong></span> <span class='ocrx_word' id='word_1_254' title='bbox 498 3987 635 4036; x_wconf 85' lang='lat' dir='ltr'><strong>emerpere.</strong></span> 
     </span>
    </p>

    <p class='ocr_par' dir='ltr' id='par_1_11' title="bbox 400 4048 1546 4188">
     <span class='ocr_line' id='line_1_34' title="bbox 485 4048 1546 4120; baseline 0.005 -17"><span class='ocrx_word' id='word_1_255' title='bbox 485 4056 501 4103; x_wconf 89' lang='grc'><strong>6</strong></span> <span class='ocrx_word' id='word_1_256' title='bbox 519 4048 705 4120; x_wconf 83' lang='lat' dir='ltr'><strong>Heindorfius:</strong></span> <span class='ocrx_word' id='word_1_257' title='bbox 729 4053 788 4102; x_wconf 84' lang='lat' dir='ltr'><strong>Tum</strong></span> <span class='ocrx_word' id='word_1_258' title='bbox 808 4055 876 4118; x_wconf 83' lang='lat' dir='ltr'><strong>quod</strong></span> <span class='ocrx_word' id='word_1_259' title='bbox 892 4055 974 4104; x_wconf 82' lang='lat' dir='ltr'><strong>scieas</strong></span> <span class='ocrx_word' id='word_1_260' title='bbox 991 4061 1132 4120; x_wconf 82' lang='lat' dir='ltr'><strong>sponteque</strong></span> <span class='ocrx_word' id='word_1_261' title='bbox 1145 4051 1294 4119; x_wconf 80' lang='lat' dir='ltr'><strong>abiecerat,</strong></span> <span class='ocrx_word' id='word_1_262' title='bbox 1311 4056 1433 4106; x_wconf 82' lang='lat' dir='ltr'><strong>abiectum</strong></span> <span class='ocrx_word' id='word_1_263' title='bbox 1451 4055 1546 4108; x_wconf 87' lang='lat' dir='ltr'><strong>tamen</strong></span> 
     </span>
     <span class='ocr_line' id='line_1_35' title="bbox 400 4137 511 4188; baseline -0.018 -1"><span class='ocrx_word' id='word_1_264' title='bbox 400 4137 511 4188; x_wconf 81' lang='lat' dir='ltr'><strong>dolebat.</strong></span> 
     </span>
    </p>

    <p class='ocr_par' dir='ltr' id='par_1_12' title="bbox 401 4217 1545 4372">
     <span class='ocr_line' id='line_1_36' title="bbox 487 4217 1545 4288; baseline 0.004 -16"><span class='ocrx_word' id='word_1_265' title='bbox 487 4224 501 4272; x_wconf 85' lang='grc'><strong>7</strong></span> <span class='ocrx_word' id='word_1_266' title='bbox 519 4217 621 4287; x_wconf 88' lang='lat' dir='ltr'><strong>Incipit</strong></span> <span class='ocrx_word' id='word_1_267' title='bbox 639 4217 704 4272; x_wconf 83' lang='lat' dir='ltr'><strong>Cod.</strong></span> <span class='ocrx_word' id='word_1_268' title='bbox 724 4236 751 4287; x_wconf 85' lang='lat' dir='ltr'><strong>p.</strong></span> <span class='ocrx_word' id='word_1_269' title='bbox 771 4224 829 4285; x_wconf 78' lang='lat'><strong>222,</strong></span> <span class='ocrx_word' id='word_1_270' title='bbox 849 4217 1053 4273; x_wconf 85' lang='lat' dir='ltr'><strong>obscurissima.</strong></span> <span class='ocrx_word' id='word_1_271' title='bbox 1084 4217 1284 4288; x_wconf 72' lang='lat' dir='ltr'><strong>supplementa</strong></span> <span class='ocrx_word' id='word_1_272' title='bbox 1300 4219 1367 4274; x_wconf 87' lang='lat' dir='ltr'><strong>Maii</strong></span> <span class='ocrx_word' id='word_1_273' title='bbox 1385 4221 1431 4275; x_wconf 91' lang='lat' dir='ltr'><strong>hic</strong></span> <span class='ocrx_word' id='word_1_274' title='bbox 1447 4221 1545 4277; x_wconf 88' lang='lat' dir='ltr'><strong>itidem</strong></span> 
     </span>
     <span class='ocr_line' id='line_1_37' title="bbox 401 4292 1142 4372; baseline -0.003 -16"><span class='ocrx_word' id='word_1_275' title='bbox 401 4318 533 4372; x_wconf 84' lang='lat' dir='ltr'><strong>expressa</strong></span> <span class='ocrx_word' id='word_1_276' title='bbox 552 4304 616 4356; x_wconf 87' lang='lat' dir='ltr'><strong>sunt</strong></span> <span class='ocrx_word' id='word_1_277' title='bbox 633 4301 734 4356; x_wconf 86' lang='lat' dir='ltr'><strong>litteris</strong></span> <span class='ocrx_word' id='word_1_278' title='bbox 751 4292 862 4356; x_wconf 85' lang='lat' dir='ltr'><strong>Italicis.</strong></span> <span class='ocrx_word' id='word_1_279' title='bbox 1140 4325 1142 4327; x_wconf 96' lang='lat'>·</span> 
     </span>
    </p>

    <p class='ocr_par' dir='ltr' id='par_1_13' title="bbox 399 4385 1545 4540">
     <span class='ocr_line' id='line_1_38' title="bbox 485 4385 1545 4463; baseline 0.001 -22"><span class='ocrx_word' id='word_1_280' title='bbox 485 4386 566 4441; x_wconf 78' lang='lat' dir='ltr'><strong>sSic</strong></span> <span class='ocrx_word' id='word_1_281' title='bbox 588 4386 685 4440; x_wconf 86' lang='lat' dir='ltr'><strong>Maius.</strong></span> <span class='ocrx_word' id='word_1_282' title='bbox 722 4386 760 4439; x_wconf 83' lang='lat' dir='ltr'><strong>At</strong></span> <span class='ocrx_word' id='word_1_283' title='bbox 789 4385 895 4440; x_wconf 85' lang='lat' dir='ltr'><strong>Codex:</strong></span> <span class='ocrx_word' id='word_1_284' title='bbox 922 4398 1101 4455; x_wconf 83' lang='lat' dir='ltr'><strong>acceptumque</strong></span> <span class='ocrx_word' id='word_1_285' title='bbox 1123 4392 1207 4441; x_wconf 74' lang='lat' dir='ltr'><strong>habirit</strong></span> <span class='ocrx_word' id='word_1_286' title='bbox 1232 4430 1478 4443; x_wconf 90' lang='grc'>..........</span> <span class='ocrx_word' id='word_1_287' title='bbox 1494 4412 1545 4463; x_wconf 73' lang='lat' dir='ltr'><strong>pp-</strong></span> 
     </span>
     <span class='ocr_line' id='line_1_39' title="bbox 399 4475 1417 4540; baseline 0.005 -16"><span class='ocrx_word' id='word_1_288' title='bbox 399 4477 463 4539; x_wconf 85' lang='lat' dir='ltr'><strong>poni</strong></span> <span class='ocrx_word' id='word_1_289' title='bbox 481 4477 555 4525; x_wconf 85' lang='lat' dir='ltr'><strong>iussit</strong></span> <span class='ocrx_word' id='word_1_290' title='bbox 573 4477 616 4540; x_wconf 86' lang='lat' dir='ltr'><strong>qui</strong></span> <span class='ocrx_word' id='word_1_291' title='bbox 635 4513 640 4523; x_wconf 93' lang='lat'>.</span> <span class='ocrx_word' id='word_1_292' title='bbox 661 4510 667 4523; x_wconf 94' lang='lat'><em>.</em></span> <span class='ocrx_word' id='word_1_293' title='bbox 687 4475 722 4523; x_wconf 85' lang='lat' dir='ltr'><strong>da</strong></span> <span class='ocrx_word' id='word_1_294' title='bbox 738 4475 852 4539; x_wconf 85' lang='lat' dir='ltr'><strong>piscique</strong></span> <span class='ocrx_word' id='word_1_295' title='bbox 871 4476 957 4538; x_wconf 83' lang='lat' dir='ltr'><strong>operis</strong></span> <span class='ocrx_word' id='word_1_296' title='bbox 975 4491 988 4524; x_wconf 95' lang='lat' dir='ltr'><strong>c</strong></span> <span class='ocrx_word' id='word_1_297' title='bbox 1008 4513 1199 4526; x_wconf 85' lang='grc'><strong>........</strong></span> <span class='ocrx_word' id='word_1_298' title='bbox 1218 4483 1417 4529; x_wconf 78' lang='lat' dir='ltr'><strong>contrectantes.</strong></span> 
     </span>
    </p>

    <p class='ocr_par' dir='ltr' id='par_1_14' title="bbox 485 4553 1243 4623">
     <span class='ocr_line' id='line_1_40' title="bbox 485 4553 1243 4623; baseline -0.005 -14"><span class='ocrx_word' id='word_1_299' title='bbox 485 4555 562 4609; x_wconf 85' lang='lat' dir='ltr'><strong>9Ita</strong></span> <span class='ocrx_word' id='word_1_300' title='bbox 581 4553 646 4608; x_wconf 81' lang='lat' dir='ltr'><strong>Ood.</strong></span> <span class='ocrx_word' id='word_1_301' title='bbox 666 4572 707 4623; x_wconf 88' lang='lat' dir='ltr'><strong>pr.</strong></span> <span class='ocrx_word' id='word_1_302' title='bbox 725 4571 762 4606; x_wconf 90' lang='lat' dir='ltr'><strong>m.</strong></span> <span class='ocrx_word' id='word_1_303' title='bbox 1228 4594 1243 4606; x_wconf 85' lang='grc'><strong>,,</strong></span> 
     </span>
    </p>

    <p class='ocr_par' dir='ltr' id='par_1_15' title="bbox 400 4637 1543 4775">
     <span class='ocr_line' id='line_1_41' title="bbox 470 4637 1543 4707; baseline 0.008 -17"><span class='ocrx_word' id='word_1_304' title='bbox 470 4644 502 4692; x_wconf 87' lang='grc'><strong>10</strong></span> <span class='ocrx_word' id='word_1_305' title='bbox 519 4638 658 4692; x_wconf 88' lang='lat' dir='ltr'><strong>Vocabuli</strong></span> <span class='ocrx_word' id='word_1_306' title='bbox 679 4637 798 4705; x_wconf 83' lang='lat' dir='ltr'><strong>vestigia</strong></span> <span class='ocrx_word' id='word_1_307' title='bbox 821 4641 966 4707; x_wconf 85' lang='lat' dir='ltr'><strong>apparent.</strong></span> <span class='ocrx_word' id='word_1_308' title='bbox 996 4640 1134 4694; x_wconf 85' lang='lat' dir='ltr'><strong>Assumsit</strong></span> <span class='ocrx_word' id='word_1_309' title='bbox 1155 4640 1244 4695; x_wconf 89' lang='lat' dir='ltr'><strong>Maius</strong></span> <span class='ocrx_word' id='word_1_310' title='bbox 1262 4641 1449 4698; x_wconf 87' lang='lat' dir='ltr'><strong>coniecturam</strong></span> <span class='ocrx_word' id='word_1_311' title='bbox 1466 4645 1543 4699; x_wconf 88' lang='lat' dir='ltr'><strong>Butt-</strong></span> 
     </span>
     <span class='ocr_line' id='line_1_42' title="bbox 400 4737 506 4775; baseline 0 -1"><span class='ocrx_word' id='word_1_312' title='bbox 400 4737 506 4775; x_wconf 88' lang='lat' dir='ltr'><strong>manur.</strong></span> 
     </span>
    </p>
   </div>
   <div class='ocr_carea' id='block_1_9' title="bbox 0 0 2076 5659">
    <p class='ocr_par' dir='ltr' id='par_1_16' title="bbox 0 0 2076 5659">
     <span class='ocr_line' id='line_1_43' title="bbox 0 0 2076 5659; baseline 0 4"><span class='ocrx_word' id='word_1_313' title='bbox 0 0 2076 5659; x_wconf 95' lang='lat' dir='ltr'><strong> </strong></span> 
     </span>
    </p>
   </div>
  </div>
 </body>
</html>
