4142 5659
523 681 562 758 14
734 680 770 732 M.
791 678 960 732 CORNELII
977 675 1185 732 FRONTONIS
1203 676 1459 731 EPISTULARUM

521 850 753 914 succlamatum
775 852 839 911 est:
870 848 983 915 ἀξίω(1
1012 853 1071 914 τοῦ
1094 854 1239 928 ποιητοῦ.
1292 847 1353 912 Sed
1377 847 1460 931 quod
1488 851 1524 918 tu
1552 847 1669 911 merito

521 952 668 1025 omnibus
690 953 878 1034 praeoptas,
906 970 972 1021 non
997 950 1051 1012 diu
1073 951 1212 1014 differas.
1265 950 1316 1014 Ita
1340 949 1485 1013 adfectus
1508 952 1557 1013 cst
1579 950 1668 1014 audi-

520 1053 608 1116 tione
631 1051 759 1115 eorum²
780 1051 937 1115 Dominus
960 1072 1065 1133 meus,
1095 1054 1132 1113 ut
1159 1073 1262 1135 paene
1284 1052 1417 1114 moleste
1439 1050 1553 1134 ferret,
1584 1052 1668 1135 quod

520 1155 583 1218 alio
605 1154 698 1216 modo
721 1153 761 1216 ad
783 1154 951 1237 negotium
976 1153 1137 1217 ³oenlorus
1159 1166 1246 1225 esset,
1276 1175 1372 1237 quam
1396 1174 1432 1216 eo
1454 1174 1516 1237 quo
1539 1156 1576 1216 tu
1597 1174 1667 1215 ora-

519 1256 640 1319 tionem
655 1254 835 1318 habiturus.
870 1253 940 1317 Ita4
962 1275 1071 1317 veram
1087 1276 1238 1318 sensuum
1252 1254 1453 1336 facultatem,
1477 1243 1667 1318 elocutionis

518 1359 641 1421 variam
668 1357 837 1438 virtutem,
866 1356 1063 1419 inventionis
1092 1356 1252 1438 aliquam⁵
1282 1359 1474 1433 novitatem,
1511 1354 1667 1423 orationis

484 1509 486 1514 .
519 1458 646 1522 doctam
670 1458 911 1540 dispositionem
933 1455 1140 1521 vehementer
1161 1458 1295 1521 miratus
1320 1460 1387 1520 estl
1413 1507 1420 1520 .
1446 1508 1452 1519 .
1479 1507 1485 1520 .
1513 1507 1519 1519 .
1546 1507 1553 1519 .
1578 1478 1664 1539 opes.

519 1560 652 1635 Quaeris
680 1559 755 1642 quid
783 1580 834 1623 me
862 1559 1019 1623 maxime⁷
1051 1608 1289 1623 ........
1341 1558 1403 1641 „ln
1431 1558 1482 1621 his
1511 1558 1606 1621 rebus
1635 1561 1667 1620 et

520 1662 623 1725 causis
646 1660 757 1744 quidni
773 1661 882 1723 rivalis
897 1661 1075 1724 iudicibus8
1100 1709 1503 1724 .............
1514 1710 1537 1726 ,.
1564 1709 1570 1722 .
1596 1681 1666 1722 sen-

519 1762 641 1827 tential
667 1812 673 1824 .
698 1812 704 1824 .
724 1811 730 1824 .
750 1811 756 1823 .
777 1813 782 1824 .
807 1762 894 1825 intra
906 1763 928 1801 ¹⁰
953 1784 1123 1826 causarum
1141 1762 1191 1844 del
1204 1762 1321 1824 ¹¹mum
1336 1762 1490 1824 terminos
1500 1762 1524 1800 ¹2
1538 1761 1665 1843 valent,

518 1865 583 1927 tuis
613 1867 721 1927 autem
750 1863 902 1945 decretis,
933 1864 1028 1946 imp,
1059 1863 1204 1946 exempla
1227 1863 1354 1947 publice
1376 1863 1515 1926 valitura
1537 1863 1573 1926 in
1595 1885 1665 1945 per·
1771 1926 1789 1963 ,Ὢ

518 1969 650 2049 petuum
673 1966 871 2033 sanciuntur.
916 1964 1021 2029 Tanto
1044 1965 1146 2045 maior
1168 1964 1227 2027 tibi
1250 1965 1297 2028 vis
1321 1968 1353 2028 ct
1375 1968 1532 2048 potestaS,
1567 1987 1665 2048 quam

518 2056 595 2130 fatis
617 2066 866 2153 adtributaxest:
889 2067 975 2148 fata,
994 2066 1076 2150 'quid
1098 2067 1235 2149 singulis
1257 2070 1404 2130 nostrum
1427 2066 1571 2148 eveniat,
1601 2070 1664 2130 sta-

517 2171 629 2250 tuunt3
652 2171 699 2250 tu,
723 2168 778 2230 ubi
801 2168 877 2251 quid
892 2168 927 2230 in
943 2167 1088 2250 singulos
1104 2166 1259 2249 decernis,
1283 2169 1329 2232 ibi
1347 2168 1511 2231 universos
1522 2167 1545 2207 ¹3
1561 2189 1664 2230 exem-

517 2270 571 2351 plo
600 2269 819 2351 adstringi'sss.
866 2267 970 2342 Quare
999 2269 1026 2330 si
1054 2267 1115 2330 hoc
1152 2267 1314 2332 decretum
1342 2269 1403 2335 tibi
1430 2268 1664 2353 proconsulis¹⁵

517 2369 692 2453 placuerit,
730 2369 868 2432 formam
901 2368 1024 2432 dederis
1061 2370 1209 2432 omnibus
1247 2371 1390 2433 omnium
1425 2371 1665 2453 provinciarum
1723 2414 1725 2416 -

517 2470 779 2554 magistratibus,
803 2471 880 2553 quid
901 2471 936 2533 in
960 2471 1113 2533 eiusmodi
1130 2472 1234 2534 causis
1250 2473 1436 2535 decernant.
1466 2471 1547 2546 Quid
1563 2473 1664 2556 igitur

518 2570 667 2635 eveniet?
703 2571 782 2633 illud
809 2570 948 2654 scilicet,
986 2576 1023 2634 ut
1051 2575 1247 2636 testamenta
1275 2574 1383 2636 omnia
1412 2595 1449 2636 ex
1477 2573 1664 2657 longinquis

517 2672 806 2755 transmarinisque
816 2672 840 2713 ¹⁶
873 2673 1047 2756 provinciis
1075 2672 1212 2736 Romam
1245 2675 1286 2736 ad
1320 2674 1537 2757 cognitionem
1573 2679 1661 2737 tuam

518 2774 714 2837 deferantur.
743 2773 843 2837 Filius
867 2775 1072 2837 exeredatum
1094 2797 1127 2838 se
1143 2776 1369 2857 suspicabitur,
1394 2775 1572 2858 postulabit
1582 2776 1605 2816 ¹⁷
1622 2798 1663 2840 ne

585 3069 598 3114 1
616 3059 705 3114 Maius
716 3060 785 3114 nihil
797 3060 928 3116 distinxit.
955 3061 1049 3117 Codex
1062 3062 1170 3116 videtur
1182 3061 1298 3116 habere:
1319 3064 1348 3116 Α.
1361 3063 1423 3117 ΙΟΕ.
1441 3061 1559 3132 SaepeO
1570 3081 1621 3133 pro
1632 3065 1662 3117 Ω,

584 3153 599 3199 2
617 3147 693 3200 Haec
712 3146 766 3198 dno
784 3147 920 3201 vocabula
939 3147 1101 3201 exciderunt
1117 3146 1147 3199 in
1165 3147 1208 3200 ed.
1227 3147 1307 3200 Rom.

584 3237 599 3284 3
617 3231 684 3285 Maii
702 3231 932 3300 supplementum.
968 3233 1001 3284 In
1019 3249 1097 3300 seqq.
1117 3232 1205 3284 multa
1222 3231 1305 3285 hodie
1325 3232 1495 3286 oblitterata.

583 3315 661 3369 4Ita
678 3316 765 3370 Maius
785 3317 913 3370 correxit.
949 3317 1077 3384 Legebat
1095 3321 1174 3381 infra.

584 3406 599 3454 5
616 3401 676 3453 Hoc
695 3402 769 3453 certe
781 3401 947 3455 vocabulum
960 3402 1122 3468 corruptum
1135 3403 1184 3453 est.
1212 3399 1325 3453 Amicus
1344 3418 1419 3455 meus
1436 3401 1509 3455 hanc
1527 3402 1662 3470 epistolae

515 3486 626 3552 partem
642 3485 672 3536 in
691 3484 790 3537 Codice
808 3502 864 3538 non
882 3484 974 3553 potuit
992 3484 1169 3552 distinguere.
1205 3485 1280 3538 Malo
1299 3487 1369 3539 fere:
1389 3493 1534 3555 elegantem.

583 3574 598 3621 6
617 3567 721 3636 Supple
740 3568 886 3622 duodecim
903 3569 990 3622 ferme
1009 3567 1125 3623 litteras.

584 3658 598 3705 7
618 3650 721 3720 Supple
742 3669 853 3706 versum
874 3671 960 3706 unum
982 3652 1099 3708 circiter.
1145 3653 1274 3723 Sequitur
1295 3656 1410 3724 longum
1432 3657 1623 3724 fragmentum
1647 3674 1661 3711 e

515 3735 663 3790 Frontonis
682 3736 807 3790 oratione
826 3737 862 3791 ad
879 3737 1051 3792 Antoninum
1068 3738 1155 3793 Pium.

583 3827 599 3876 8
617 3819 721 3889 Supple
740 3821 808 3876 duos
825 3839 927 3877 versus.

526 3918 528 3920 ’
584 3912 598 3959 9
618 3904 722 3974 Supple
740 3924 787 3960 sex
805 3908 862 3961 fere
880 3907 996 3962 litteras.

568 3997 599 4045 10
617 3991 677 4043 Hoc
694 3992 860 4045 vocabulum
877 3993 951 4061 fugit
968 3993 1035 4046 Maii
1054 3994 1149 4048 aciem.

568 4081 597 4128 11
616 4074 717 4144 incipit
735 4076 800 4131 Cod.
820 4079 948 4131 Ambros.
968 4097 995 4146 p.
1009 4085 1050 4132 91.
1086 4078 1175 4132 Maius
1197 4078 1225 4131 in
1244 4079 1422 4149 disponendis
1445 4080 1518 4133 foliis
1536 4081 1661 4149 graviter

516 4159 626 4214 erravit.

568 4251 598 4297 12
616 4246 768 4315 Perperam
785 4246 875 4301 Maius
893 4253 1039 4301 terminare.
1075 4248 1132 4301 Nos
1149 4247 1311 4316 legebamus
1330 4257 1456 4304 terminer.

567 4389 598 4436 13
617 4380 711 4436 Codex
727 4383 837 4437 videtur
853 4383 958 4437 habero
971 4332 1166 4436 lilefflERSil.

568 4472 599 4519 14
616 4465 789 4522 Vocabulum
806 4467 890 4522 hodie
908 4466 1065 4522 evanidam.

567 4557 598 4604 15
617 4549 696 4605 Cod:
714 4552 817 4620 procos·

568 4641 599 4688 lo
617 4634 662 4688 Sic
680 4635 784 4691 Codex:
804 4643 1004 4706 tronrrooriniaq.

567 4726 598 4774 17
617 4719 721 4773 Codex:
739 4727 884 4788 postulauit.
942 4714 972 4799 ,⁹
