4142 5659
606 667 655 719 AD
673 665 916 720 1111111111
933 667 980 720 ΕΤ
993 626 1152 722 ἸΙΝ11ΙΟΕΜ
1168 669 1279 723 LIRER
1296 670 1354 723 llll.
1519 674 1561 736 [35

409 840 521 901 menta
554 837 660 900 lavere
696 838 803 921 potius
837 859 933 920 quam
965 838 1096 902 lavare?
1133 840 1279 903 sudorem
1311 841 1419 905 lavare
1451 843 1560 926 potius

410 960 507 1020 quam
530 939 659 1002 abluere
683 938 812 1003 dicere?
848 939 922 1002 Tibi
943 961 1018 1002 vero
1047 961 1141 1003 nemo
1170 942 1205 1005 in
1234 964 1271 1006 ea
1298 964 1333 1005 re
1359 944 1559 1008 intercedere

410 1043 467 1103 aut
489 1040 692 1104 modificare¹
716 1041 785 1104 iure
807 1041 872 1104 ullo
888 1041 1018 1124 poterit,
1043 1042 1097 1125 qui
1115 1043 1158 1105 sis
1180 1042 1309 1106 liberis²
1327 1044 1350 1129 13
1366 1049 1556 1129 prognatus,

377 1150 381 1158 “
410 1145 443 1204 11
466 1141 610 1224 equitum
638 1164 769 1205 censum
796 1143 1060 1225 praetervehare,
1096 1145 1129 1206 et
1156 1145 1190 1207 in
1220 1149 1334 1208 senatu
1362 1147 1559 1210 sententiam

409 1264 539 1326 rogere:
567 1265 627 1307 nos
655 1265 730 1307 vero
758 1244 813 1326 qui
840 1245 1006 1309 doctorum
1031 1245 1161 1308 auribus
1196 1246 1343 1309 servituti
1372 1247 1558 1311 serviendae

409 1348 537 1408 nosmet
566 1345 710 1409 dedimus
718 1349 740 1428 ⁴,
764 1368 894 1410 necesse
924 1351 974 1411 est
1003 1348 1134 1413 tenuia⁵
1156 1369 1280 1431 quoque
1295 1347 1361 1411 ista
1383 1349 1416 1411 et
1431 1349 1558 1412 minuta

385 1468 535 1509 summa
570 1469 642 1510 cum
666 1469 742 1510 cura
774 1469 1013 1532 persequamur.
1059 1447 1168 1512 Verba
1189 1470 1302 1532 prosus
1330 1449 1383 1512 alii
1408 1453 1497 1514 vecte
1526 1454 1558 1514 et

409 1548 536 1631 malleo,
567 1552 603 1611 ut
625 1548 741 1631 silices,
770 1548 963 1632 moliuntur3
993 1549 1048 1612 alii
1078 1553 1186 1614 autem
1209 1550 1316 1614 caelo6
1344 1553 1376 1614 et
1403 1552 1556 1634 marculo,

410 1653 447 1713 ut
474 1650 669 1733 gemmulas,
705 1651 936 1734 exculpunt⁷⁸:
970 1655 1003 1715 te
1037 1651 1169 1735 aequius
1198 1652 1260 1716 erit
1288 1653 1328 1715 ad
1355 1654 1557 1736 quaerenda8

409 1751 572 1815 sollertius
599 1753 707 1834 verba,
745 1753 828 1836 quod
857 1755 1017 1817 correctus
1046 1752 1089 1815 sis
1116 1754 1311 1837 meminisse,
1346 1776 1442 1838 quam
1474 1757 1558 1838 quod

409 1852 679 1936 depraehensusl,
711 1854 891 1918 detractare
915 1857 970 1917 aut
996 1854 1162 1918 retardari.
1208 1854 1293 1918 Nam
1320 1856 1347 1918 si
1375 1857 1557 1939 quaerendo

409 1955 588 2038 desistes¹⁰,
612 1977 788 2040 numquam
810 1956 965 2039 reperies3
994 1956 1021 2018 si
1049 1977 1165 2039 perges
1192 1978 1359 2040 quaerere,
1384 1959 1555 2042 repperies.

408 2055 558 2139 Denique
580 2057 666 2120 visus
689 2079 722 2121 es
746 2058 844 2121 etiarn
866 2056 946 2120 mihi
968 2057 1100 2140 insuper
1121 2057 1287 2139 habuisse,
1313 2081 1385 2122 cum
1412 2060 1557 2123 ordinem

408 2157 530 2220 verbi¹¹
555 2158 602 2221 tui
625 2158 856 2241 immutassem,
880 2159 928 2221 uti
952 2161 1027 2221 ante
1049 2158 1225 2241 tricipitem
1240 2159 1362 2224 diceres
1385 2183 1480 2244 quam
1496 2149 1556 2225 Ge-

409 2280 545 2342 ryonem
566 2261 761 2325 nominares
807 2259 845 2323 ld
867 2281 991 2344 quoque
1014 2281 1060 2347 ne·
1078 2258 1224 2343 ignores:
1256 2260 1408 2346 pleraque
1430 2263 1465 2326 in
1487 2284 1555 2325 ora-

408 2361 508 2443 tione,
533 2362 645 2425 ordine
666 2363 843 2443 inmutato,
875 2361 925 2425 vel
954 2363 1025 2424 rata
1054 2361 1152 2424 verba
1179 2361 1263 2425 fiunt
1290 2361 1340 2425 vel
1368 2385 1554 2446 supervaca-

409 2462 501 2526 neab.
535 2462 660 2527 Navem
682 2464 845 2527 triremem
868 2464 929 2528 rite
952 2462 1102 2545 dixerim3
1124 2463 1288 2526 triremem
1309 2486 1426 2527 navem
1448 2487 1555 2549 super-

409 2585 550 2628 vacaneo
574 2564 758 2628 addiderim.
782 2565 894 2649 Neque
917 2566 1004 2628 enim
1025 2565 1203 2649 periculum
1226 2569 1285 2648 est,
1310 2587 1351 2629 ne
1373 2567 1444 2650 quis
1467 2568 1556 2632 lecti-

411 2665 516 2728 culam
546 2669 602 2729 aut
634 2667 744 2730 redam
767 2671 823 2731 aut
858 2667 1051 2731 citharam¹²
1083 2667 1248 2731 triremem
1275 2667 1339 2730 dici
1372 2668 1553 2734 arbitretur.

410 2766 492 2831 Tum
513 2768 713 2850 praeterea¹³
734 2791 830 2852 quom
856 2753 1129 2851 commemorares
1160 2790 1216 2832 cur
1230 2767 1377 2831 Parthi¹⁴
1398 2771 1555 2834 manuleis

409 2867 584 2932 laxioribus
614 2873 792 2953 uterentur,
821 2871 877 2953 ita,
908 2874 1037 2954 opinor,
1072 2869 1240 2953 scripsisti,
1277 2877 1446 2934 intervallis
1468 2880 1556 2936 vestis

496 3089 514 3125 a
531 3076 564 3125 In
582 3080 707 3142 margine:
726 3073 782 3126 Alii
798 3071 886 3128 verba
903 3075 966 3127 vete
986 3073 1043 3140 (sic)
1065 3072 1110 3126 vel
1127 3072 1228 3126 malleo
1252 3073 1280 3126 et
1297 3072 1372 3127 silice
1390 3075 1554 3142 moliuntur3

410 3153 457 3208 alii
475 3157 569 3210 caeolo
589 3159 645 3226 (sic)
665 3160 693 3211 11
710 3158 842 3224 marculo,
861 3156 893 3210 ut
911 3157 959 3225 qui
976 3174 1102 3225 gemmas
1114 3157 1278 3240 exculpunt.

494 3240 512 3293 b
531 3245 564 3294 In
581 3248 710 3310 margine:
729 3242 761 3295 ln
779 3242 845 3296 alio:
865 3257 1044 3310 supervacua.

496 3471 507 3514 1
526 3460 667 3516 Usitatum
685 3464 729 3516 est
746 3468 896 3531 modificari.
933 3466 1049 3538 Orellius.

493 3547 558 3599 2111
577 3546 643 3602 Cod.
663 3547 810 3616 repetitur:
830 3552 925 3603 liberis.
963 3546 1094 3601 Orellius:
1112 3552 1280 3602 liberaberis
1297 3561 1447 3618 propnatus.

493 3639 508 3684 3
526 3631 626 3700 Incipit
644 3631 711 3684 Cod.
730 3631 793 3686 Vat.
811 3642 840 3702 p.
856 3639 911 3685 151.

458 3776 462 3783 ¹
493 3722 509 3768 4
528 3715 659 3769 Orellius:
678 3722 827 3771 dedidimus.

494 3809 509 3855 5
525 3801 604 3854 Hanc
621 3816 719 3855 vocem
736 3800 825 3854 Maius
843 3801 872 3853 in
889 3802 1016 3870 margine
1033 3801 1103 3855 vidit
1121 3801 1271 3870 repetitam
1288 3806 1319 3855 ut
1336 3805 1497 3860 notabilem.

493 3893 508 3938 6
526 3886 557 3938 In
575 3884 709 3954 marginis
727 3902 784 3939 var.
804 3885 866 3939 lect.
886 3885 974 3939 latere
991 3886 1101 3940 videtur
1118 3887 1210 3940 forma
1226 3893 1332 3942 caelolo.

493 3976 507 4023 7
526 3969 592 4023 Cod.
611 3989 653 4038 pr.
672 3988 708 4024 m.
729 3977 874 4039 eaeeulpent.

493 4060 508 4108 8
526 4053 593 4108 Cod.
611 4074 653 4123 pr.
672 4073 709 4107 11.
730 4060 871 4124 querenda.

493 4146 508 4193 9
527 4139 645 4193 Orellius
663 4139 781 4193 mavult:
800 4146 979 4206 reprehensus.

477 4230 508 4278 10
526 4223 592 4278 cod.
611 4244 653 4294 pr.
673 4243 709 4279 m.
729 4231 863 4280 desistens.

719 4310 736 4350 Β

477 4367 505 4413 11
526 4356 630 4414 Codex:
648 4360 743 4414 UERI.

477 4452 507 4498 12
526 4442 630 4499 Codex:
649 4451 782 4502 oddaram.

476 4537 507 4583 13
526 4529 630 4584 Codex:
647 4542 795 4598 praetereo.

477 4620 508 4667 14
525 4614 610 4667 Vides
627 4630 783 4669 sermonem
802 4631 860 4668 esse
873 4613 907 4668 de
919 4613 955 4668 M.
968 4612 1093 4670 Caesaris
1106 4613 1231 4670 oratione
1244 4613 1271 4668 iu
1285 4618 1383 4669 senatu
1396 4617 1454 4671 sine
1467 4619 1552 4675 dubio

406 4695 534 4764 recitata,
552 4699 579 4751 in
599 4717 654 4767 qua
672 4700 706 4752 de
724 4700 807 4752 rebus
825 4698 961 4753 Parthicis
980 4689 1073 4753 actum
1092 4702 1141 4754 est.
1181 4705 1273 4755 Maius.

442 4817 543 4854 FBONT.
556 4817 591 4852 ΕΤ
604 4819 705 4855 AUREL·
719 4819 808 4854 EPIST.
1328 4789 1349 4854 5
