4142 5659
633 657 682 712 AD
701 655 947 715 molesmum
964 658 1011 712 ET
1029 658 1183 715 INVICEM
1200 660 1309 716 LIBER
1326 661 1360 716 II.
1530 667 1573 730 39

404 853 492 894 mas
515 833 642 896 secutus
671 829 731 893 sim
737 880 746 911 ‚
777 830 936 894 rationem
964 853 1074 895 veram
1103 834 1135 894 et
1166 833 1362 896 sententiam
1384 837 1483 898 tuam.
1528 835 1570 899 Di

421 933 534 1014 velint,
559 935 596 995 ut
618 953 743 1015 semper
765 932 849 1015 quod
871 954 977 1017 agam,
1002 934 1142 998 secundo
1163 933 1281 998 iudicio
1304 937 1375 1017 tuo,
1403 936 1448 999 mi
1469 938 1570 1021 magi-

422 1037 499 1115 ster,
523 1035 636 1117 agam!

508 1133 606 1198 Vides
629 1135 705 1218 quid
732 1134 847 1198 horae¹
878 1135 940 1199 tibi
966 1136 1151 1200 rescribam.
1197 1137 1283 1201 Nam
1309 1141 1383 1221 post
1411 1139 1569 1203 consulta-

421 1237 544 1300 tionem
567 1237 743 1309 amicorum
770 1236 805 1299 in
827 1236 888 1300 hoe
910 1239 1037 1320 tempus
1061 1237 1177 1323 collegi
1199 1239 1306 1302 sedulo
1336 1261 1374 1303 ea
1401 1263 1483 1324 quae
1510 1265 1569 1305 nos

421 1340 599 1420 moverant,
633 1341 671 1401 ut
703 1337 842 1401 Domino
875 1338 965 1402 meo²
998 1339 1230 1423 perscriberem
1258 1340 1460 1426 faceremque
1496 1366 1569 1407 eum

420 1440 514 1503 nobis
536 1441 572 1503 in
593 1439 656 1502 isto
679 1461 804 1523 quoque
817 1440 958 1524 ‘negotio
981 1444 1194 1523 praesentem.
1219 1441 1320 1505 Tum3
1343 1444 1470 1507 demum
1492 1452 1567 1524 θαρ-

421 1543 503 1620 (deur
525 1545 595 1606 rote
618 1542 891 1624 βεβουλευμένοις,
916 1563 988 1604 oum
1009 1541 1132 1605 fuerint
1154 1543 1195 1605 ab
1217 1542 1273 1605 illo
1296 1546 1512 1627 comprobata.

506 1641 711 1724 Orationem,
743 1664 805 1724 qua
840 1664 970 1706 eausam
992 1645 1137 1706 nostram
1164 1644 1357 1727 defendisti,
1393 1645 1567 1710 Faustinae

420 1743 621 1807 eumfestim⁴
657 1743 824 1807 ostendam
858 1746 890 1807 et
922 1765 1018 1828 agam
1052 1745 1175 1828 gratias
1211 1747 1240 1809 ei
1274 1747 1357 1830 quod
1384 1747 1463 1811 mihi
1492 1749 1567 1811 talis

418 1845 558 1928 epistula
580 1847 637 1908 tua
659 1844 796 1929 legenda
812 1867 849 1908 ex
866 1845 928 1908 isto
943 1846 1075 1929 negotio
1097 1849 1176 1909 nata
1198 1851 1257 1912 est.
1283 1847 1372 1911 Bone
1395 1852 1427 1912 et
1447 1849 1567 1932 optime

418 1947 576 2032 magister
597 1947 679 2010 vale.

900 2122 1083 2196 Reooquoai.

886 2317 1096 2372 EPISTULAR.

813 2454 857 2518 M.
881 2455 1176 2521 FRONTONIS

886 2606 1097 2662 nrrsrunm.

908 2748 989 2808 um.
1013 2746 1077 2837 117⁵

417 2887 619 2894 ——ffl

505 3005 517 3051 1
537 2997 667 3066 Legerim
675 3002 768 3052 ,hodie
799 2996 983 3050 Heindorfius.

501 3091 516 3136 2
535 3082 624 3136 Maius
643 3081 776 3149 intelligit
793 3081 823 3134 L.
837 3081 954 3147 Verum3
972 3098 1029 3135 non
1047 3081 1145 3135 dubito
1164 3081 1231 3149 quin
1248 3098 1338 3135 sermo
1358 3082 1394 3135 sit
1412 3083 1446 3136 de
1464 3084 1522 3136 Pio.

502 3175 518 3221 3
538 3166 642 3220 Codex:
663 3178 735 3220 turtur.

499 3252 578 3304 4lta
596 3249 697 3305 Codex,
734 3249 823 3303 Aliter
845 3249 943 3303 Maius.
967 3280 1000 3287 -
1023 3248 1100 3313 Quae
1122 3249 1291 3304 Niebuhrius
1314 3250 1440 3321 disputat
1466 3252 1500 3305 de
1524 3253 1560 3305 M.

415 3335 521 3390 Aurelii
539 3335 635 3389 uxorio
649 3334 750 3400 animo,
770 3335 883 3403 egregie
901 3334 1068 3401 dictasunt,
1086 3334 1134 3388 sed
1152 3352 1186 3389 ea
1203 3335 1264 3403 ipsa
1282 3335 1387 3410 ducunt
1405 3336 1441 3389 ad
1458 3353 1562 3389 annum

418 3427 478 3486 143,
500 3435 557 3474 non
579 3420 616 3474 ad
634 3419 703 3472 illud
719 3421 844 3488 tempus,
871 3436 933 3472 cum
950 3420 1109 3488 Imperator
1128 3421 1156 3473 et
1173 3419 1307 3474 Faustina
1324 3420 1380 3473 iam
1399 3419 1498 3488 viginti
1515 3437 1562 3474 an-

417 3522 466 3558 nos
484 3504 662 3558 matrimonio
680 3503 768 3557 iuncti
786 3504 886 3557 essent.

501 3596 516 3643 5
534 3589 620 3642 Addit
639 3588 777 3656 quaedam
788 3587 878 3642 Maius
891 3589 920 3641 in
931 3589 1059 3642 notaEd.
1070 3589 1191 3654 Mediol.‚
1210 3590 1281 3644 adeo
1298 3590 1431 3659 perplexe
1449 3591 1562 3660 scripta,
1586 3646 1592 3653 ,

415 3675 447 3727 ut
464 3691 545 3728 nemo
563 3673 705 3741 intelligat
730 3671 797 3739 quid
820 3672 902 3727 dicat.
938 3673 1018 3726 Vidit
1035 3675 1143 3740 tamen,
1161 3678 1193 3728 ut
1211 3674 1321 3749 opinor,
1343 3675 1372 3727 in
1393 3674 1562 3744 paginarum

414 3758 565 3819 frontibus:
586 3763 670 3826 Epist.
690 3763 726 3811 ad
736 3761 775 3810 M.
789 3761 894 3810 Caesar.
917 3762 972 3810 Lib.
987 3761 1029 3824 ll,
1051 3759 1126 3826 quod
1143 3759 1172 3811 in
1189 3760 1243 3813 hoc
1259 3760 1332 3813 libro
1351 3759 1491 3828 singtdare
1509 3762 1561 3814 est.

416 3841 529 3896 Ceteros
546 3843 633 3897 libros
653 3857 748 3896 omnes
774 3841 818 3895 his
839 3841 1007 3911 paginarum
1029 3842 1118 3896 titulis
1142 3843 1261 3906 caruisse
1288 3862 1374 3913 supra
1396 3844 1460 3898 dixi.
1506 3844 1561 3899 Sed

416 3944 497 3981 nemo
523 3926 580 3980 iam
607 3925 749 3980 dubitabit
771 3927 805 3979 de
827 3929 954 3995 tempore
982 3942 1036 3994 quo
1060 3928 1177 3981 Matidia
1205 3928 1282 3982 obiit.
1328 3928 1408 3992 Quod
1435 3931 1560 3999 superest

416 4011 562 4064 Matidiam
579 4011 729 4064 memorari
746 4009 775 4062 in
793 4010 879 4080 Epist.
894 4011 914 4063 I.
934 4010 981 4064 lib.
995 4012 1020 4064 II
1041 4012 1077 4066 ad
1093 4013 1200 4066 Anton·
1213 4013 1292 4082 lmp,
1314 4013 1388 4067 iufra
1404 4013 1559 4083 videbimus

415 4096 502 4150 verba
518 4096 548 4148 in
566 4095 667 4149 Codice
685 4095 805 4149 evanida
823 4111 891 4148 esse.
