<?xml version="1.0" encoding="UTF-8"?>
<!DOCTYPE html PUBLIC "-//W3C//DTD XHTML 1.0 Transitional//EN"
    "http://www.w3.org/TR/xhtml1/DTD/xhtml1-transitional.dtd">
<html xmlns="http://www.w3.org/1999/xhtml" xml:lang="en" lang="en">
 <head>
  <title>
</title>
<meta http-equiv="Content-Type" content="text/html;charset=utf-8" />
  <meta name='ocr-system' content='tesseract 3.04.00' />
  <meta name='ocr-capabilities' content='ocr_page ocr_carea ocr_par ocr_line ocrx_word'/>
</head>
<body>
  <div class='ocr_page' id='page_1' title='image "./mcorneliifronto02frongoog_0152.png"; bbox 0 0 4142 5659; ppageno 0'>
   <div class='ocr_carea' id='block_1_1' title="bbox 494 668 1447 740">
    <p class='ocr_par' dir='ltr' id='par_1_1' title="bbox 494 668 1447 740">
     <span class='ocr_line' id='line_1_1' title="bbox 494 668 1447 740; baseline -0.007 -10"><span class='ocrx_word' id='word_1_1' title='bbox 494 677 555 740; x_wconf 84' lang='lat'><em>110</em></span> <span class='ocrx_word' id='word_1_2' title='bbox 709 675 745 727; x_wconf 91' lang='lat' dir='ltr'><em>M.</em></span> <span class='ocrx_word' id='word_1_3' title='bbox 760 672 929 727; x_wconf 78' lang='lat' dir='ltr'>CORNELII</span> <span class='ocrx_word' id='word_1_4' title='bbox 947 668 1154 726; x_wconf 82' lang='lat' dir='ltr'><strong>FRONTONIS</strong></span> <span class='ocrx_word' id='word_1_5' title='bbox 1171 669 1447 736; x_wconf 70' lang='lat' dir='ltr'>EPISTULARUM</span> 
     </span>
    </p>
   </div>
   <div class='ocr_carea' id='block_1_2' title="bbox 460 846 1665 3062">
    <p class='ocr_par' dir='ltr' id='par_1_2' title="bbox 460 846 1640 2253">
     <span class='ocr_line' id='line_1_2' title="bbox 489 846 1640 925; baseline -0.003 -17"><span class='ocrx_word' id='word_1_6' title='bbox 489 853 666 925; x_wconf 76' lang='lat' dir='ltr'><em>uterumque</em></span> <span class='ocrx_word' id='word_1_7' title='bbox 687 851 793 909; x_wconf 75' lang='lat' dir='ltr'><em>milites</em></span> <span class='ocrx_word' id='word_1_8' title='bbox 814 851 846 907; x_wconf 87' lang='lat' dir='ltr'><em>in</em></span> <span class='ocrx_word' id='word_1_9' title='bbox 868 851 991 908; x_wconf 86' lang='lat' dir='ltr'><em>statiuis.</em></span> <span class='ocrx_word' id='word_1_10' title='bbox 1006 850 1117 907; x_wconf 82' lang='lat' dir='ltr'><em>castris</em></span> <span class='ocrx_word' id='word_1_11' title='bbox 1139 846 1284 914; x_wconf 89' lang='lat' dir='ltr'><em>babebat,·</em></span> <span class='ocrx_word' id='word_1_12' title='bbox 1317 849 1378 905; x_wconf 91' lang='lat' dir='ltr'><em>nisi</em></span> <span class='ocrx_word' id='word_1_13' title='bbox 1398 863 1465 905; x_wconf 87' lang='lat' dir='ltr'><em>cum</em></span> <span class='ocrx_word' id='word_1_14' title='bbox 1488 847 1562 905; x_wconf 92' lang='lat' dir='ltr'><em>odos</em></span> <span class='ocrx_word' id='word_1_15' title='bbox 1584 852 1640 904; x_wconf 93' lang='lat' dir='ltr'><em>aut</em></span> 
     </span>
     <span class='ocr_line' id='line_1_3' title="bbox 488 947 1638 1026; baseline -0.003 -17"><span class='ocrx_word' id='word_1_16' title='bbox 488 953 597 1026; x_wconf 84' lang='lat' dir='ltr'><em>pabuli</em></span> <span class='ocrx_word' id='word_1_17' title='bbox 622 959 738 1025; x_wconf 74' lang='lat' dir='ltr'><em>eaestas</em></span> <span class='ocrx_word' id='word_1_18' title='bbox 765 953 862 1010; x_wconf 86' lang='lat' dir='ltr'><em>locum</em></span> <span class='ocrx_word' id='word_1_19' title='bbox 890 957 1009 1009; x_wconf 91' lang='lat' dir='ltr'><em>mutare</em></span> <span class='ocrx_word' id='word_1_20' title='bbox 1030 952 1202 1024; x_wconf 71' lang='lat' dir='ltr'><em>subeuerat.</em></span> <span class='ocrx_word' id='word_1_21' title='bbox 1251 947 1313 1008; x_wconf 85' lang='lat' dir='ltr'><em>Sed</em></span> <span class='ocrx_word' id='word_1_22' title='bbox 1339 964 1435 1022; x_wconf 81' lang='lat' dir='ltr'><em>neque</em></span> <span class='ocrx_word' id='word_1_23' title='bbox 1463 949 1638 1007; x_wconf 88' lang='lat' dir='ltr'><em>munieban-</em></span> 
     </span>
     <span class='ocr_line' id='line_1_4' title="bbox 491 1049 1639 1127; baseline -0.004 -15"><span class='ocrx_word' id='word_1_24' title='bbox 491 1049 560 1112; x_wconf 85' lang='lat' dir='ltr'><em>tur1</em></span> <span class='ocrx_word' id='word_1_25' title='bbox 591 1069 686 1127; x_wconf 78' lang='lat' dir='ltr'><em>neque</em></span> <span class='ocrx_word' id='word_1_26' title='bbox 713 1069 796 1111; x_wconf 93' lang='lat' dir='ltr'><em>more</em></span> <span class='ocrx_word' id='word_1_27' title='bbox 817 1054 945 1111; x_wconf 88' lang='lat' dir='ltr'><em>mitituri</em></span> <span class='ocrx_word' id='word_1_28' title='bbox 965 1053 1088 1124; x_wconf 73' lang='lat' dir='ltr'><em>oiniliae</em></span> <span class='ocrx_word' id='word_1_29' title='bbox 1109 1051 1356 1110; x_wconf 75' lang='lat' dir='ltr'><em>deducebantur:</em></span> <span class='ocrx_word' id='word_1_30' title='bbox 1384 1055 1418 1108; x_wconf 93' lang='lat' dir='ltr'><em>ut</em></span> <span class='ocrx_word' id='word_1_31' title='bbox 1438 1052 1547 1123; x_wconf 80' lang='lat' dir='ltr'><em>cuique</em></span> <span class='ocrx_word' id='word_1_32' title='bbox 1568 1050 1639 1108; x_wconf 89' lang='lat' dir='ltr'><em>tibe-</em></span> 
     </span>
     <span class='ocr_line' id='line_1_5' title="bbox 490 1146 1639 1227; baseline -0.003 -14"><span class='ocrx_word' id='word_1_33' title='bbox 490 1156 555 1224; x_wconf 89' lang='lat' dir='ltr'><em>bat,</em></span> <span class='ocrx_word' id='word_1_34' title='bbox 600 1154 638 1212; x_wconf 91' lang='lat' dir='ltr'><em>ab</em></span> <span class='ocrx_word' id='word_1_35' title='bbox 672 1156 766 1227; x_wconf 67' lang='lat' dir='ltr'><em>sienis</em></span> <span class='ocrx_word' id='word_1_36' title='bbox 797 1155 912 1213; x_wconf 91' lang='lat' dir='ltr'><em>oberat.</em></span> <span class='ocrx_word' id='word_1_37' title='bbox 966 1154 1066 1213; x_wconf 74' lang='lat' dir='ltr'><em>linae</em></span> <span class='ocrx_word' id='word_1_38' title='bbox 1103 1155 1250 1227; x_wconf 76' lang='lat' dir='ltr'><em>permruti</em></span> <span class='ocrx_word' id='word_1_39' title='bbox 1285 1168 1352 1211; x_wconf 90' lang='lat' dir='ltr'><em>cum</em></span> <span class='ocrx_word' id='word_1_40' title='bbox 1391 1152 1533 1211; x_wconf 71' lang='lat' dir='ltr'><em>militibus</em></span> <span class='ocrx_word' id='word_1_41' title='bbox 1567 1146 1639 1210; x_wconf 80' lang='lat' dir='ltr'><em>dia²</em></span> 
     </span>
     <span class='ocr_line' id='line_1_6' title="bbox 460 1254 1637 1332; baseline -0.005 -16"><span class='ocrx_word' id='word_1_42' title='bbox 460 1258 463 1262; x_wconf 62' lang='lat'>‘</span> <span class='ocrx_word' id='word_1_43' title='bbox 490 1263 639 1331; x_wconf 79' lang='lat' dir='ltr'><em>noctuque</em></span> <span class='ocrx_word' id='word_1_44' title='bbox 660 1256 868 1329; x_wconf 71' lang='lat' dir='ltr'><em>conabantur:</em></span> <span class='ocrx_word' id='word_1_45' title='bbox 886 1257 1032 1332; x_wconf 76' lang='lat' dir='ltr'><em>palantes</em></span> <span class='ocrx_word' id='word_1_46' title='bbox 1057 1271 1150 1328; x_wconf 74' lang='lat' dir='ltr'><em>aures</em></span> <span class='ocrx_word' id='word_1_47' title='bbox 1171 1260 1303 1326; x_wconf 88' lang='lat' dir='ltr'><em>uastare,</em></span> <span class='ocrx_word' id='word_1_48' title='bbox 1333 1254 1422 1312; x_wconf 86' lang='lat' dir='ltr'><em>uillas</em></span> <span class='ocrx_word' id='word_1_49' title='bbox 1443 1269 1637 1327; x_wconf 70' lang='lat' dir='ltr'><em>eapuanare</em></span> 
     </span>
     <span class='ocr_line' id='line_1_7' title="bbox 488 1358 1640 1432; baseline -0.003 -15"><span class='ocrx_word' id='word_1_50' title='bbox 488 1361 606 1432; x_wconf 76' lang='lat' dir='ltr'><em>pecoris</em></span> <span class='ocrx_word' id='word_1_51' title='bbox 628 1364 656 1417; x_wconf 91' lang='lat' dir='ltr'><em>et</em></span> <span class='ocrx_word' id='word_1_52' title='bbox 677 1359 899 1432; x_wconf 79' lang='lat' dir='ltr'><em>mancipiorum</em></span> <span class='ocrx_word' id='word_1_53' title='bbox 922 1358 1062 1432; x_wconf 78' lang='lat' dir='ltr'><em>praedas</em></span> <span class='ocrx_word' id='word_1_54' title='bbox 1089 1362 1243 1415; x_wconf 78' lang='lat' dir='ltr'><em>certantes</em></span> <span class='ocrx_word' id='word_1_55' title='bbox 1265 1371 1368 1432; x_wconf 65' lang='lat' dir='ltr'><em>affere,</em></span> <span class='ocrx_word' id='word_1_56' title='bbox 1397 1371 1494 1428; x_wconf 80' lang='lat' dir='ltr'><em>eaque</em></span> <span class='ocrx_word' id='word_1_57' title='bbox 1521 1363 1640 1415; x_wconf 92' lang='lat' dir='ltr'><em>mutare</em></span> 
     </span>
     <span class='ocr_line' id='line_1_8' title="bbox 490 1456 1638 1533; baseline -0.002 -15"><span class='ocrx_word' id='word_1_58' title='bbox 490 1477 557 1519; x_wconf 92' lang='lat' dir='ltr'><em>cum</em></span> <span class='ocrx_word' id='word_1_59' title='bbox 580 1461 800 1519; x_wconf 80' lang='lat' dir='ltr'><em>mercatoribus</em></span> <span class='ocrx_word' id='word_1_60' title='bbox 821 1461 890 1518; x_wconf 87' lang='lat' dir='ltr'><em>uino</em></span> <span class='ocrx_word' id='word_1_61' title='bbox 914 1459 1081 1517; x_wconf 86' lang='lat' dir='ltr'><em>aduecticio</em></span> <span class='ocrx_word' id='word_1_62' title='bbox 1103 1465 1132 1515; x_wconf 89' lang='lat' dir='ltr'><em>et</em></span> <span class='ocrx_word' id='word_1_63' title='bbox 1153 1459 1222 1516; x_wconf 86' lang='lat' dir='ltr'><em>aliis</em></span> <span class='ocrx_word' id='word_1_64' title='bbox 1239 1457 1362 1524; x_wconf 89' lang='lat' dir='ltr'><em>tatibus;</em></span> <span class='ocrx_word' id='word_1_65' title='bbox 1382 1463 1550 1533; x_wconf 76' lang='lat' dir='ltr'><em>praetereo</em></span> <span class='ocrx_word' id='word_1_66' title='bbox 1561 1456 1638 1529; x_wconf 82' lang='lat' dir='ltr'><em>fru-</em></span> 
     </span>
     <span class='ocr_line' id='line_1_9' title="bbox 490 1560 1640 1635; baseline -0.003 -16"><span class='ocrx_word' id='word_1_67' title='bbox 490 1568 619 1622; x_wconf 92' lang='lat' dir='ltr'><em>mentum</em></span> <span class='ocrx_word' id='word_1_68' title='bbox 638 1562 759 1635; x_wconf 78' lang='lat' dir='ltr'><em>publice</em></span> <span class='ocrx_word' id='word_1_69' title='bbox 782 1562 885 1619; x_wconf 90' lang='lat' dir='ltr'><em>datum</em></span> <span class='ocrx_word' id='word_1_70' title='bbox 901 1561 1041 1632; x_wconf 86' lang='lat' dir='ltr'><em>uendere,</em></span> <span class='ocrx_word' id='word_1_71' title='bbox 1063 1574 1177 1634; x_wconf 83' lang='lat' dir='ltr'><em>panem</em></span> <span class='ocrx_word' id='word_1_72' title='bbox 1192 1561 1224 1618; x_wconf 88' lang='lat' dir='ltr'><em>in</em></span> <span class='ocrx_word' id='word_1_73' title='bbox 1239 1560 1303 1618; x_wconf 89' lang='lat' dir='ltr'><em>dies</em></span> <span class='ocrx_word' id='word_1_74' title='bbox 1317 1561 1467 1618; x_wconf 87' lang='lat' dir='ltr'><em>mercari:</em></span> <span class='ocrx_word' id='word_1_75' title='bbox 1484 1564 1640 1633; x_wconf 79' lang='lat' dir='ltr'><em>postremo</em></span> 
     </span>
     <span class='ocr_line' id='line_1_10' title="bbox 491 1661 1637 1736; baseline -0.003 -14"><span class='ocrx_word' id='word_1_76' title='bbox 491 1679 694 1736; x_wconf 81' lang='lat' dir='ltr'><em>qrtaecumque</em></span> <span class='ocrx_word' id='word_1_77' title='bbox 722 1664 785 1721; x_wconf 87' lang='lat' dir='ltr'><em>dici</em></span> <span class='ocrx_word' id='word_1_78' title='bbox 810 1669 864 1721; x_wconf 92' lang='lat' dir='ltr'><em>out</em></span> <span class='ocrx_word' id='word_1_79' title='bbox 883 1664 961 1734; x_wconf 74' lang='lat' dir='ltr'><em>dirui</em></span> <span class='ocrx_word' id='word_1_80' title='bbox 982 1668 1094 1735; x_wconf 83' lang='lat' dir='ltr'><em>queunt</em></span> <span class='ocrx_word' id='word_1_81' title='bbox 1120 1663 1262 1734; x_wconf 72' lang='lat' dir='ltr'><em>ianaaioe</em></span> <span class='ocrx_word' id='word_1_82' title='bbox 1287 1662 1492 1734; x_wconf 80' lang='lat' dir='ltr'><em>luxuriaeque</em></span> <span class='ocrx_word' id='word_1_83' title='bbox 1508 1661 1637 1734; x_wconf 80' lang='lat' dir='ltr'><em>probra,</em></span> 
     </span>
     <span class='ocr_line' id='line_1_11' title="bbox 491 1762 1640 1836; baseline 0 -15"><span class='ocrx_word' id='word_1_84' title='bbox 491 1780 528 1822; x_wconf 92' lang='lat' dir='ltr'><em>ea</em></span> <span class='ocrx_word' id='word_1_85' title='bbox 550 1767 581 1822; x_wconf 92' lang='lat' dir='ltr'><em>in</em></span> <span class='ocrx_word' id='word_1_86' title='bbox 604 1766 655 1823; x_wconf 88' lang='lat' dir='ltr'><em>illo</em></span> <span class='ocrx_word' id='word_1_87' title='bbox 677 1766 813 1823; x_wconf 80' lang='lat' dir='ltr'><em>exercitu</em></span> <span class='ocrx_word' id='word_1_88' title='bbox 834 1771 943 1823; x_wconf 92' lang='lat' dir='ltr'><em>cuncta</em></span> <span class='ocrx_word' id='word_1_89' title='bbox 963 1762 1055 1834; x_wconf 85' lang='lat' dir='ltr'><em>suere</em></span> <span class='ocrx_word' id='word_1_90' title='bbox 1076 1771 1105 1822; x_wconf 89' lang='lat' dir='ltr'><em>et</em></span> <span class='ocrx_word' id='word_1_91' title='bbox 1126 1765 1189 1822; x_wconf 85' lang='lat' dir='ltr'><em>alia</em></span> <span class='ocrx_word' id='word_1_92' title='bbox 1206 1765 1343 1836; x_wconf 82' lang='lat' dir='ltr'><em>amptius.</em></span> <span class='ocrx_word' id='word_1_93' title='bbox 1381 1762 1445 1820; x_wconf 87' lang='lat' dir='ltr'><em>Sed</em></span> <span class='ocrx_word' id='word_1_94' title='bbox 1466 1765 1496 1820; x_wconf 90' lang='lat' dir='ltr'><em>in</em></span> <span class='ocrx_word' id='word_1_95' title='bbox 1518 1778 1556 1819; x_wconf 87' lang='lat' dir='ltr'><em>ea</em></span> <span class='ocrx_word' id='word_1_96' title='bbox 1578 1762 1640 1835; x_wconf 85' lang='lat' dir='ltr'><em>dis-</em></span> 
     </span>
     <span class='ocr_line' id='line_1_12' title="bbox 489 1864 1639 1939; baseline 0 -15"><span class='ocrx_word' id='word_1_97' title='bbox 489 1868 624 1936; x_wconf 80' lang='lat' dir='ltr'><em>licuttote</em></span> <span class='ocrx_word' id='word_1_98' title='bbox 639 1867 812 1925; x_wconf 72' lang='lat' dir='ltr'><em>Metettum³</em></span> <span class='ocrx_word' id='word_1_99' title='bbox 834 1882 894 1924; x_wconf 93' lang='lat' dir='ltr'><em>non</em></span> <span class='ocrx_word' id='word_1_100' title='bbox 916 1867 1014 1924; x_wconf 87' lang='lat' dir='ltr'><em>minus</em></span> <span class='ocrx_word' id='word_1_101' title='bbox 1036 1880 1127 1939; x_wconf 78' lang='lat' dir='ltr'><em>uuam</em></span> <span class='ocrx_word' id='word_1_102' title='bbox 1155 1867 1185 1923; x_wconf 93' lang='lat' dir='ltr'><em>in</em></span> <span class='ocrx_word' id='word_1_103' title='bbox 1208 1864 1298 1924; x_wconf 89' lang='lat' dir='ltr'><em>rebus</em></span> <span class='ocrx_word' id='word_1_104' title='bbox 1319 1864 1474 1923; x_wconf 90' lang='lat' dir='ltr'><em>bostilibus</em></span> <span class='ocrx_word' id='word_1_105' title='bbox 1495 1880 1639 1936; x_wconf 69' lang='lat' dir='ltr'><em>mannum</em></span> 
     </span>
     <span class='ocr_line' id='line_1_13' title="bbox 490 1961 1640 2048; baseline 0.001 -25"><span class='ocrx_word' id='word_1_106' title='bbox 490 1973 521 2024; x_wconf 89' lang='lat' dir='ltr'><em>et</em></span> <span class='ocrx_word' id='word_1_107' title='bbox 541 1969 706 2041; x_wconf 79' lang='lat' dir='ltr'><em>sapientem</em></span> <span class='ocrx_word' id='word_1_108' title='bbox 734 1969 831 2026; x_wconf 86' lang='lat' dir='ltr'><em>virum</em></span> <span class='ocrx_word' id='word_1_109' title='bbox 849 1964 947 2038; x_wconf 87' lang='lat' dir='ltr'><em>fuisse</em></span> <span class='ocrx_word' id='word_1_110' title='bbox 972 1961 1183 2048; x_wconf 82' lang='lat' dir='ltr'><em>[comperior],</em></span> <span class='ocrx_word' id='word_1_111' title='bbox 1213 1972 1300 2025; x_wconf 92' lang='lat' dir='ltr'><em>tontu</em></span> <span class='ocrx_word' id='word_1_112' title='bbox 1328 1969 1530 2041; x_wconf 79' lang='lat' dir='ltr'><em>temperantia</em></span> <span class='ocrx_word' id='word_1_113' title='bbox 1560 1969 1640 2026; x_wconf 88' lang='lat' dir='ltr'><em>inter</em></span> 
     </span>
     <span class='ocr_line' id='line_1_14' title="bbox 492 2062 1637 2146; baseline 0.001 -20"><span class='ocrx_word' id='word_1_114' title='bbox 492 2069 692 2137; x_wconf 81' lang='lat' dir='ltr'><em>ambitionem,</em></span> <span class='ocrx_word' id='word_1_115' title='bbox 725 2071 881 2128; x_wconf 87' lang='lat' dir='ltr'><em>saeuitiam</em></span> <span class='ocrx_word' id='word_1_116' title='bbox 905 2115 911 2126; x_wconf 94' lang='lat'>.</span> <span class='ocrx_word' id='word_1_117' title='bbox 937 2113 944 2127; x_wconf 95' lang='lat'><strong>.</strong></span> <span class='ocrx_word' id='word_1_118' title='bbox 974 2062 1094 2126; x_wconf 86' lang='lat' dir='ltr'><em>Animo</em></span> <span class='ocrx_word' id='word_1_119' title='bbox 1110 2062 1135 2146; x_wconf 56' lang='lat'><em>3!</em></span> <span class='ocrx_word' id='word_1_120' title='bbox 1156 2112 1422 2126; x_wconf 91' lang='grc'><strong>.........</strong></span> <span class='ocrx_word' id='word_1_121' title='bbox 1446 2066 1605 2128; x_wconf 86' lang='lat' dir='ltr'><em>suetum.</em></span> <span class='ocrx_word' id='word_1_122' title='bbox 1631 2114 1637 2127; x_wconf 95' lang='lat'><strong>.</strong></span> 
     </span>
     <span class='ocr_line' id='line_1_15' title="bbox 492 2163 1595 2253; baseline 0.001 -26"><span class='ocrx_word' id='word_1_123' title='bbox 492 2163 647 2253; x_wconf 80' lang='lat' dir='ltr'><em>ava[rum]</em></span> <span class='ocrx_word' id='word_1_124' title='bbox 729 2163 889 2251; x_wconf 81' lang='lat' dir='ltr'><em>iniu[rias]</em></span> <span class='ocrx_word' id='word_1_125' title='bbox 913 2164 1135 2228; x_wconf 81' lang='lat' dir='ltr'><em>habuisset..</em></span> <span class='ocrx_word' id='word_1_126' title='bbox 1160 2163 1278 2226; x_wconf 87' lang='lat' dir='ltr'><em>abillo</em></span> <span class='ocrx_word' id='word_1_127' title='bbox 1303 2214 1309 2227; x_wconf 95' lang='lat'><strong>.</strong></span> <span class='ocrx_word' id='word_1_128' title='bbox 1335 2215 1341 2227; x_wconf 92' lang='lat'>.</span> <span class='ocrx_word' id='word_1_129' title='bbox 1366 2185 1419 2227; x_wconf 89' lang='lat' dir='ltr'><em>sae</em></span> <span class='ocrx_word' id='word_1_130' title='bbox 1444 2215 1450 2226; x_wconf 91' lang='lat'><em>.</em></span> <span class='ocrx_word' id='word_1_131' title='bbox 1472 2215 1479 2227; x_wconf 90' lang='lat'><strong>.</strong></span> <span class='ocrx_word' id='word_1_132' title='bbox 1503 2165 1595 2228; x_wconf 90' lang='lat' dir='ltr'><em>bene.</em></span> 
     </span>
    </p>

    <p class='ocr_par' dir='ltr' id='par_1_3' title="bbox 576 2266 1177 2350">
     <span class='ocr_line' id='line_1_16' title="bbox 576 2266 1177 2350; baseline -0.003 -20"><span class='ocrx_word' id='word_1_133' title='bbox 576 2266 657 2330; x_wconf 75' lang='lat' dir='ltr'><em>⁴Sed</em></span> <span class='ocrx_word' id='word_1_134' title='bbox 681 2319 687 2330; x_wconf 94' lang='lat'>.</span> <span class='ocrx_word' id='word_1_135' title='bbox 713 2318 719 2331; x_wconf 90' lang='lat'><strong><em>.</em></strong></span> <span class='ocrx_word' id='word_1_136' title='bbox 746 2318 752 2331; x_wconf 95' lang='lat'><strong>.</strong></span> <span class='ocrx_word' id='word_1_137' title='bbox 777 2270 809 2330; x_wconf 86' lang='lat' dir='ltr'><em>et</em></span> <span class='ocrx_word' id='word_1_138' title='bbox 830 2266 1049 2350; x_wconf 86' lang='lat' dir='ltr'><em>voluptatibus</em></span> <span class='ocrx_word' id='word_1_139' title='bbox 1073 2317 1080 2330; x_wconf 93' lang='lat'><strong>.</strong></span> <span class='ocrx_word' id='word_1_140' title='bbox 1105 2317 1112 2330; x_wconf 93' lang='lat'><strong>.</strong></span> <span class='ocrx_word' id='word_1_141' title='bbox 1138 2317 1144 2328; x_wconf 94' lang='lat'>.</span> <span class='ocrx_word' id='word_1_142' title='bbox 1170 2316 1177 2328; x_wconf 92' lang='lat'><strong>.</strong></span> 
     </span>
    </p>

    <p class='ocr_par' dir='ltr' id='par_1_4' title="bbox 487 2355 1665 3062">
     <span class='ocr_line' id='line_1_17' title="bbox 578 2355 1639 2448; baseline 0.002 -17"><span class='ocrx_word' id='word_1_143' title='bbox 578 2355 658 2433; x_wconf 82' lang='lat' dir='ltr'><em>⁵Sed</em></span> <span class='ocrx_word' id='word_1_144' title='bbox 679 2376 710 2433; x_wconf 92' lang='lat' dir='ltr'><em>in</em></span> <span class='ocrx_word' id='word_1_145' title='bbox 732 2374 779 2432; x_wconf 91' lang='lat' dir='ltr'><em>bis</em></span> <span class='ocrx_word' id='word_1_146' title='bbox 799 2379 868 2431; x_wconf 92' lang='lat' dir='ltr'><em>erat</em></span> <span class='ocrx_word' id='word_1_147' title='bbox 889 2368 1100 2447; x_wconf 69' lang='lat' dir='ltr'><em>Semproniah,</em></span> <span class='ocrx_word' id='word_1_148' title='bbox 1115 2389 1209 2445; x_wconf 70' lang='lat' dir='ltr'><em>auae</em></span> <span class='ocrx_word' id='word_1_149' title='bbox 1229 2375 1324 2432; x_wconf 87' lang='lat' dir='ltr'><em>multa</em></span> <span class='ocrx_word' id='word_1_150' title='bbox 1346 2389 1436 2448; x_wconf 77' lang='lat' dir='ltr'><em>saepe</em></span> <span class='ocrx_word' id='word_1_151' title='bbox 1458 2375 1557 2433; x_wconf 87' lang='lat' dir='ltr'><em>uirilis</em></span> <span class='ocrx_word' id='word_1_152' title='bbox 1579 2391 1639 2433; x_wconf 93' lang='lat' dir='ltr'><em>au-</em></span> 
     </span>
     <span class='ocr_line' id='line_1_18' title="bbox 492 2475 1636 2556; baseline 0.002 -24"><span class='ocrx_word' id='word_1_153' title='bbox 492 2475 602 2533; x_wconf 85' lang='lat' dir='ltr'><em>daciae</em></span> <span class='ocrx_word' id='word_1_154' title='bbox 617 2475 766 2546; x_wconf 86' lang='lat' dir='ltr'><em>facinora</em></span> <span class='ocrx_word' id='word_1_155' title='bbox 787 2475 985 2533; x_wconf 82' lang='lat' dir='ltr'><em>commiserat.</em></span> <span class='ocrx_word' id='word_1_156' title='bbox 1032 2475 1118 2533; x_wconf 89' lang='lat' dir='ltr'><em>Haec</em></span> <span class='ocrx_word' id='word_1_157' title='bbox 1138 2477 1249 2533; x_wconf 87' lang='lat' dir='ltr'><em>mulier</em></span> <span class='ocrx_word' id='word_1_158' title='bbox 1274 2491 1386 2556; x_wconf 72' lang='lat' dir='ltr'><em>uenere</em></span> <span class='ocrx_word' id='word_1_159' title='bbox 1408 2481 1501 2549; x_wconf 79' lang='lat' dir='ltr'><em>atque</em></span> <span class='ocrx_word' id='word_1_160' title='bbox 1518 2475 1636 2548; x_wconf 83' lang='lat' dir='ltr'><em>forma,</em></span> 
     </span>
     <span class='ocr_line' id='line_1_19' title="bbox 487 2567 1640 2650; baseline 0.003 -18"><span class='ocrx_word' id='word_1_161' title='bbox 487 2581 653 2650; x_wconf 82' lang='lat' dir='ltr'><em>praeterea</em></span> <span class='ocrx_word' id='word_1_162' title='bbox 676 2578 741 2635; x_wconf 88' lang='lat' dir='ltr'><em>niro</em></span> <span class='ocrx_word' id='word_1_163' title='bbox 763 2576 864 2635; x_wconf 86' lang='lat' dir='ltr'><em>tiberis</em></span> <span class='ocrx_word' id='word_1_164' title='bbox 889 2579 963 2636; x_wconf 93' lang='lat' dir='ltr'><em>satis</em></span> <span class='ocrx_word' id='word_1_165' title='bbox 985 2575 1169 2647; x_wconf 87' lang='lat' dir='ltr'><em>fortunata:</em></span> <span class='ocrx_word' id='word_1_166' title='bbox 1197 2567 1307 2635; x_wconf 85' lang='lat' dir='ltr'><em>litteris</em></span> <span class='ocrx_word' id='word_1_167' title='bbox 1330 2579 1453 2649; x_wconf 76' lang='lat' dir='ltr'><em>uroccis</em></span> <span class='ocrx_word' id='word_1_168' title='bbox 1479 2583 1509 2637; x_wconf 89' lang='lat' dir='ltr'><em>et</em></span> <span class='ocrx_word' id='word_1_169' title='bbox 1534 2580 1640 2638; x_wconf 84' lang='lat' dir='ltr'><em>latinis</em></span> 
     </span>
     <span class='ocr_line' id='line_1_20' title="bbox 492 2679 1639 2755; baseline 0.001 -19"><span class='ocrx_word' id='word_1_170' title='bbox 492 2679 598 2736; x_wconf 89' lang='lat' dir='ltr'><em>docta:</em></span> <span class='ocrx_word' id='word_1_171' title='bbox 632 2679 780 2752; x_wconf 83' lang='lat' dir='ltr'><em>psaltere,</em></span> <span class='ocrx_word' id='word_1_172' title='bbox 815 2681 932 2736; x_wconf 86' lang='lat' dir='ltr'><em>saltare</em></span> <span class='ocrx_word' id='word_1_173' title='bbox 959 2679 1126 2752; x_wconf 70' lang='lat' dir='ltr'><em>eleuantius</em></span> <span class='ocrx_word' id='word_1_174' title='bbox 1160 2695 1251 2752; x_wconf 79' lang='lat' dir='ltr'><em>quam</em></span> <span class='ocrx_word' id='word_1_175' title='bbox 1283 2695 1404 2738; x_wconf 87' lang='lat' dir='ltr'><em>necesse</em></span> <span class='ocrx_word' id='word_1_176' title='bbox 1436 2686 1481 2738; x_wconf 89' lang='lat' dir='ltr'><em>est</em></span> <span class='ocrx_word' id='word_1_177' title='bbox 1503 2680 1639 2755; x_wconf 78' lang='lat' dir='ltr'><em>probae:</em></span> 
     </span>
     <span class='ocr_line' id='line_1_21' title="bbox 492 2780 1640 2863; baseline 0.002 -26"><span class='ocrx_word' id='word_1_178' title='bbox 492 2781 587 2838; x_wconf 89' lang='lat' dir='ltr'><em>multa</em></span> <span class='ocrx_word' id='word_1_179' title='bbox 609 2781 672 2837; x_wconf 86' lang='lat' dir='ltr'><em>aliu</em></span> <span class='ocrx_word' id='word_1_180' title='bbox 695 2795 773 2859; x_wconf 83' lang='lat' dir='ltr'><em>quae</em></span> <span class='ocrx_word' id='word_1_181' title='bbox 794 2781 991 2838; x_wconf 89' lang='lat' dir='ltr'><em>instrumenta</em></span> <span class='ocrx_word' id='word_1_182' title='bbox 1018 2782 1172 2839; x_wconf 82' lang='lat' dir='ltr'><em>luxuriae.</em></span> <span class='ocrx_word' id='word_1_183' title='bbox 1223 2780 1287 2856; x_wconf 82' lang='lat' dir='ltr'><em>Sed</em></span> <span class='ocrx_word' id='word_1_184' title='bbox 1312 2783 1343 2838; x_wconf 90' lang='lat' dir='ltr'><em>ei</em></span> <span class='ocrx_word' id='word_1_185' title='bbox 1368 2783 1494 2863; x_wconf 88' lang='lat' dir='ltr'><em>curiora</em></span> <span class='ocrx_word' id='word_1_186' title='bbox 1522 2798 1640 2857; x_wconf 80' lang='lat' dir='ltr'><em>semper</em></span> 
     </span>
     <span class='ocr_line' id='line_1_22' title="bbox 493 2868 1665 2961; baseline 0.002 -22"><span class='ocrx_word' id='word_1_187' title='bbox 493 2883 593 2939; x_wconf 91' lang='lat' dir='ltr'><em>omnia</em></span> <span class='ocrx_word' id='word_1_188' title='bbox 615 2898 705 2955; x_wconf 81' lang='lat' dir='ltr'><em>quam</em></span> <span class='ocrx_word' id='word_1_189' title='bbox 729 2882 821 2940; x_wconf 88' lang='lat' dir='ltr'><em>decus</em></span> <span class='ocrx_word' id='word_1_190' title='bbox 851 2925 1317 2942; x_wconf 90' lang='grc'><strong>...............</strong></span> <span class='ocrx_word' id='word_1_191' title='bbox 1341 2868 1547 2961; x_wconf 63' lang='lat' dir='ltr'><em>addiclsstare</em></span> <span class='ocrx_word' id='word_1_192' title='bbox 1567 2900 1638 2949; x_wconf 81' lang='lat' dir='ltr'><em>sese,</em></span> <span class='ocrx_word' id='word_1_193' title='bbox 1664 2891 1665 2895; x_wconf 77' lang='grc'>’</span> 
     </span>
     <span class='ocr_line' id='line_1_23' title="bbox 491 2984 1637 3062; baseline 0.004 -22"><span class='ocrx_word' id='word_1_194' title='bbox 491 2999 600 3041; x_wconf 91' lang='lat' dir='ltr'><em>manus</em></span> <span class='ocrx_word' id='word_1_195' title='bbox 626 2985 777 3057; x_wconf 78' lang='lat' dir='ltr'><em>supptices</em></span> <span class='ocrx_word' id='word_1_196' title='bbox 810 2984 853 3040; x_wconf 90' lang='lat' dir='ltr'><em>ad</em></span> <span class='ocrx_word' id='word_1_197' title='bbox 878 2985 995 3062; x_wconf 88' lang='lat' dir='ltr'><em>caetum</em></span> <span class='ocrx_word' id='word_1_198' title='bbox 1022 2985 1160 3051; x_wconf 88' lang='lat' dir='ltr'><em>tendere,</em></span> <span class='ocrx_word' id='word_1_199' title='bbox 1198 2986 1341 3043; x_wconf 88' lang='lat' dir='ltr'><em>miserari</em></span> <span class='ocrx_word' id='word_1_200' title='bbox 1368 3000 1483 3058; x_wconf 83' lang='lat' dir='ltr'><em>paruos</em></span> <span class='ocrx_word' id='word_1_201' title='bbox 1517 2985 1637 3059; x_wconf 80' lang='lat' dir='ltr'><em>liberos,</em></span> 
     </span>
    </p>
   </div>
   <div class='ocr_carea' id='block_1_3' title="bbox 577 3163 1159 3235">
    <p class='ocr_par' dir='ltr' id='par_1_5' title="bbox 577 3163 1159 3235">
     <span class='ocr_line' id='line_1_24' title="bbox 577 3163 1159 3235; baseline 0.002 -18"><span class='ocrx_word' id='word_1_202' title='bbox 577 3181 594 3217; x_wconf 85' lang='lat' dir='ltr'><em>a</em></span> <span class='ocrx_word' id='word_1_203' title='bbox 612 3169 646 3217; x_wconf 89' lang='lat' dir='ltr'><em>In</em></span> <span class='ocrx_word' id='word_1_204' title='bbox 664 3171 788 3232; x_wconf 69' lang='lat' dir='ltr'><em>nsaruine:</em></span> <span class='ocrx_word' id='word_1_205' title='bbox 806 3163 848 3218; x_wconf 86' lang='lat' dir='ltr'><em>De</em></span> <span class='ocrx_word' id='word_1_206' title='bbox 866 3165 957 3218; x_wconf 81' lang='lat' dir='ltr'><em>farma</em></span> <span class='ocrx_word' id='word_1_207' title='bbox 974 3163 1159 3235; x_wconf 81' lang='lat' dir='ltr'><em>imperatoris.</em></span> 
     </span>
    </p>
   </div>
   <div class='ocr_carea' id='block_1_4' title="bbox 492 3249 1639 3388">
    <p class='ocr_par' dir='ltr' id='par_1_6' title="bbox 492 3249 1639 3388">
     <span class='ocr_line' id='line_1_25' title="bbox 576 3249 1639 3319; baseline 0.003 -18"><span class='ocrx_word' id='word_1_208' title='bbox 576 3249 595 3301; x_wconf 85' lang='lat' dir='ltr'><em>b</em></span> <span class='ocrx_word' id='word_1_209' title='bbox 615 3253 646 3302; x_wconf 83' lang='lat' dir='ltr'><em>In</em></span> <span class='ocrx_word' id='word_1_210' title='bbox 665 3256 789 3317; x_wconf 70' lang='lat' dir='ltr'><em>iraruine:</em></span> <span class='ocrx_word' id='word_1_211' title='bbox 810 3249 975 3319; x_wconf 88' lang='lat' dir='ltr'><em>Sempronia</em></span> <span class='ocrx_word' id='word_1_212' title='bbox 991 3257 1074 3304; x_wconf 86' lang='lat' dir='ltr'><em>matta</em></span> <span class='ocrx_word' id='word_1_213' title='bbox 1086 3267 1170 3319; x_wconf 81' lang='lat' dir='ltr'><em>saepe</em></span> <span class='ocrx_word' id='word_1_214' title='bbox 1182 3249 1264 3305; x_wconf 82' lang='lat' dir='ltr'><em>uirilis</em></span> <span class='ocrx_word' id='word_1_215' title='bbox 1281 3250 1414 3305; x_wconf 80' lang='lat' dir='ltr'><em>audaciae</em></span> <span class='ocrx_word' id='word_1_216' title='bbox 1431 3252 1558 3306; x_wconf 85' lang='lat' dir='ltr'><em>facinora</em></span> <span class='ocrx_word' id='word_1_217' title='bbox 1575 3273 1639 3307; x_wconf 86' lang='lat' dir='ltr'><em>com·</em></span> 
     </span>
     <span class='ocr_line' id='line_1_26' title="bbox 492 3333 613 3388; baseline 0.017 -3"><span class='ocrx_word' id='word_1_218' title='bbox 492 3333 613 3388; x_wconf 86' lang='lat' dir='ltr'><em>miserat.</em></span> 
     </span>
    </p>
   </div>
   <div class='ocr_carea' id='block_1_5' title="bbox 491 3501 1638 3660">
    <p class='ocr_par' dir='ltr' id='par_1_7' title="bbox 491 3501 1638 3660">
     <span class='ocr_line' id='line_1_27' title="bbox 578 3501 1638 3576; baseline 0.004 -20"><span class='ocrx_word' id='word_1_219' title='bbox 578 3511 592 3556; x_wconf 89' lang='lat'>1</span> <span class='ocrx_word' id='word_1_220' title='bbox 612 3501 677 3556; x_wconf 84' lang='lat' dir='ltr'><em>Cod.</em></span> <span class='ocrx_word' id='word_1_221' title='bbox 697 3520 751 3557; x_wconf 88' lang='lat' dir='ltr'><em>see.</em></span> <span class='ocrx_word' id='word_1_222' title='bbox 769 3521 805 3556; x_wconf 92' lang='lat' dir='ltr'><em>m.</em></span> <span class='ocrx_word' id='word_1_223' title='bbox 824 3509 996 3558; x_wconf 78' lang='lat' dir='ltr'><em>minuebantur.</em></span> <span class='ocrx_word' id='word_1_224' title='bbox 1031 3504 1107 3558; x_wconf 86' lang='lat' dir='ltr'><em>Nota</em></span> <span class='ocrx_word' id='word_1_225' title='bbox 1123 3506 1193 3559; x_wconf 86' lang='lat' dir='ltr'><em>haee</em></span> <span class='ocrx_word' id='word_1_226' title='bbox 1211 3505 1266 3560; x_wconf 87' lang='lat' dir='ltr'><em>duo</em></span> <span class='ocrx_word' id='word_1_227' title='bbox 1283 3509 1378 3574; x_wconf 85' lang='lat' dir='ltr'><em>verba,</em></span> <span class='ocrx_word' id='word_1_228' title='bbox 1401 3523 1473 3576; x_wconf 82' lang='lat' dir='ltr'><em>quae</em></span> <span class='ocrx_word' id='word_1_229' title='bbox 1492 3507 1593 3562; x_wconf 85' lang='lat' dir='ltr'><em>desunt</em></span> <span class='ocrx_word' id='word_1_230' title='bbox 1609 3508 1638 3560; x_wconf 91' lang='lat' dir='ltr'><em>in</em></span> 
     </span>
     <span class='ocr_line' id='line_1_28' title="bbox 491 3587 1638 3660; baseline 0.006 -21"><span class='ocrx_word' id='word_1_231' title='bbox 491 3587 630 3656; x_wconf 80' lang='lat' dir='ltr'><em>plerisque</em></span> <span class='ocrx_word' id='word_1_232' title='bbox 649 3587 773 3642; x_wconf 72' lang='lat' dir='ltr'><em>Sallustii</em></span> <span class='ocrx_word' id='word_1_233' title='bbox 790 3588 944 3642; x_wconf 69' lang='lat' dir='ltr'><em>(lodicibus.</em></span> <span class='ocrx_word' id='word_1_234' title='bbox 972 3591 1124 3644; x_wconf 82' lang='lat' dir='ltr'><em>Praeterea</em></span> <span class='ocrx_word' id='word_1_235' title='bbox 1141 3591 1397 3660; x_wconf 70' lang='lat' dir='ltr'><em>apud&#39;Sallustium</em></span> <span class='ocrx_word' id='word_1_236' title='bbox 1414 3592 1529 3660; x_wconf 83' lang='lat' dir='ltr'><em>legitur:</em></span> <span class='ocrx_word' id='word_1_237' title='bbox 1548 3599 1638 3647; x_wconf 85' lang='lat' dir='ltr'><em>mitites</em></span> 
     </span>
    </p>
   </div>
   <div class='ocr_carea' id='block_1_6' title="bbox 410 3679 1637 3746">
    <p class='ocr_par' dir='ltr' id='par_1_8' title="bbox 410 3679 1637 3746">
     <span class='ocr_line' id='line_1_29' title="bbox 410 3679 1637 3746; baseline 0.007 -22"><span class='ocrx_word' id='word_1_238' title='bbox 410 3687 418 3696; x_wconf 89' lang='grc'><strong><em>’</em></strong></span> <span class='ocrx_word' id='word_1_239' title='bbox 492 3679 591 3727; x_wconf 85' lang='lat' dir='ltr'><em>statiuis</em></span> <span class='ocrx_word' id='word_1_240' title='bbox 609 3681 702 3728; x_wconf 88' lang='lat' dir='ltr'><em>eastris</em></span> <span class='ocrx_word' id='word_1_241' title='bbox 720 3704 752 3713; x_wconf 92' lang='lat'>-</span> <span class='ocrx_word' id='word_1_242' title='bbox 770 3680 912 3743; x_wconf 77' lang='lat' dir='ltr'><em>ubicuique</em></span> <span class='ocrx_word' id='word_1_243' title='bbox 931 3679 1023 3729; x_wconf 87' lang='lat' dir='ltr'><em>libebat</em></span> <span class='ocrx_word' id='word_1_244' title='bbox 1041 3708 1073 3715; x_wconf 92' lang='lat'><strong>—</strong></span> <span class='ocrx_word' id='word_1_245' title='bbox 1091 3684 1253 3744; x_wconf 81' lang='lat' dir='ltr'><em>etpalantes</em></span> <span class='ocrx_word' id='word_1_246' title='bbox 1271 3683 1527 3746; x_wconf 67' lang='lat' dir='ltr'><em>ouras—probra,</em></span> <span class='ocrx_word' id='word_1_247' title='bbox 1551 3683 1578 3731; x_wconf 85' lang='lat' dir='ltr'><em>in</em></span> <span class='ocrx_word' id='word_1_248' title='bbox 1595 3685 1637 3732; x_wconf 82' lang='lat' dir='ltr'><em>illo</em></span> 
     </span>
    </p>
   </div>
   <div class='ocr_carea' id='block_1_7' title="bbox 491 3765 1638 4761">
    <p class='ocr_par' dir='ltr' id='par_1_9' title="bbox 492 3765 618 3812">
     <span class='ocr_line' id='line_1_30' title="bbox 492 3765 618 3812; baseline 0.008 -2"><span class='ocrx_word' id='word_1_249' title='bbox 492 3765 618 3812; x_wconf 83' lang='lat' dir='ltr'><em>eaereitu.</em></span> 
     </span>
    </p>

    <p class='ocr_par' dir='ltr' id='par_1_10' title="bbox 577 3843 767 3898">
     <span class='ocr_line' id='line_1_31' title="bbox 577 3843 767 3898; baseline 0.011 -2"><span class='ocrx_word' id='word_1_250' title='bbox 577 3844 654 3896; x_wconf 78' lang='lat' dir='ltr'><em>alta</em></span> <span class='ocrx_word' id='word_1_251' title='bbox 670 3843 767 3898; x_wconf 90' lang='lat' dir='ltr'><em>Maius.</em></span> 
     </span>
    </p>

    <p class='ocr_par' dir='ltr' id='par_1_11' title="bbox 491 3929 1638 4424">
     <span class='ocr_line' id='line_1_32' title="bbox 578 3929 1638 4004; baseline 0.006 -20"><span class='ocrx_word' id='word_1_252' title='bbox 578 3935 593 3984; x_wconf 86' lang='lat'><strong>3</strong></span> <span class='ocrx_word' id='word_1_253' title='bbox 611 3929 712 3999; x_wconf 80' lang='lat' dir='ltr'><em>Incipit</em></span> <span class='ocrx_word' id='word_1_254' title='bbox 735 3929 801 3982; x_wconf 81' lang='lat' dir='ltr'><em>eoa.</em></span> <span class='ocrx_word' id='word_1_255' title='bbox 820 3930 916 3984; x_wconf 84' lang='lat' dir='ltr'><em>Ambr.</em></span> <span class='ocrx_word' id='word_1_256' title='bbox 935 3950 962 4000; x_wconf 87' lang='lat' dir='ltr'><em>p.</em></span> <span class='ocrx_word' id='word_1_257' title='bbox 977 3938 1018 3998; x_wconf 85' lang='grc'><em>96,</em></span> <span class='ocrx_word' id='word_1_258' title='bbox 1042 3933 1092 3986; x_wconf 90' lang='lat' dir='ltr'><em>sed</em></span> <span class='ocrx_word' id='word_1_259' title='bbox 1109 3931 1179 3985; x_wconf 81' lang='lat' dir='ltr'><em>nihil</em></span> <span class='ocrx_word' id='word_1_260' title='bbox 1199 3933 1228 3986; x_wconf 93' lang='lat' dir='ltr'><em>in</em></span> <span class='ocrx_word' id='word_1_261' title='bbox 1250 3950 1284 3988; x_wconf 91' lang='lat' dir='ltr'><em>ea</em></span> <span class='ocrx_word' id='word_1_262' title='bbox 1306 3933 1362 4002; x_wconf 86' lang='lat' dir='ltr'><em>legi</em></span> <span class='ocrx_word' id='word_1_263' title='bbox 1384 3935 1489 4004; x_wconf 88' lang='lat' dir='ltr'><em>potest:</em></span> <span class='ocrx_word' id='word_1_264' title='bbox 1513 3937 1638 4004; x_wconf 87' lang='lat' dir='ltr'><em>sequitur</em></span> 
     </span>
     <span class='ocr_line' id='line_1_33' title="bbox 493 4013 1637 4088; baseline 0.008 -23"><span class='ocrx_word' id='word_1_265' title='bbox 493 4013 552 4066; x_wconf 88' lang='lat' dir='ltr'><em>tum</em></span> <span class='ocrx_word' id='word_1_266' title='bbox 569 4032 597 4082; x_wconf 90' lang='lat' dir='ltr'><em>p.</em></span> <span class='ocrx_word' id='word_1_267' title='bbox 611 4019 652 4080; x_wconf 85' lang='lat'><em>89,</em></span> <span class='ocrx_word' id='word_1_268' title='bbox 670 4013 768 4068; x_wconf 87' lang='lat' dir='ltr'><em>itidem</em></span> <span class='ocrx_word' id='word_1_269' title='bbox 786 4015 904 4069; x_wconf 87' lang='lat' dir='ltr'><em>obseura</em></span> <span class='ocrx_word' id='word_1_270' title='bbox 922 4019 950 4068; x_wconf 89' lang='lat' dir='ltr'><em>et</em></span> <span class='ocrx_word' id='word_1_271' title='bbox 967 4017 1110 4083; x_wconf 84' lang='lat' dir='ltr'><em>lacunosa,</em></span> <span class='ocrx_word' id='word_1_272' title='bbox 1136 4016 1165 4070; x_wconf 93' lang='lat' dir='ltr'><em>in</em></span> <span class='ocrx_word' id='word_1_273' title='bbox 1188 4034 1244 4085; x_wconf 92' lang='lat' dir='ltr'><em>qua</em></span> <span class='ocrx_word' id='word_1_274' title='bbox 1266 4035 1372 4088; x_wconf 85' lang='lat' dir='ltr'><em>paucae</em></span> <span class='ocrx_word' id='word_1_275' title='bbox 1394 4020 1505 4072; x_wconf 88' lang='lat' dir='ltr'><em>tantum</em></span> <span class='ocrx_word' id='word_1_276' title='bbox 1525 4020 1637 4074; x_wconf 72' lang='lat' dir='ltr'><em>litterae</em></span> 
     </span>
     <span class='ocr_line' id='line_1_34' title="bbox 493 4097 1638 4169; baseline 0.007 -20"><span class='ocrx_word' id='word_1_277' title='bbox 493 4097 699 4167; x_wconf 81' lang='lat' dir='ltr'><em>conspiciuntur</em></span> <span class='ocrx_word' id='word_1_278' title='bbox 720 4117 815 4153; x_wconf 86' lang='lat' dir='ltr'><em>versus</em></span> <span class='ocrx_word' id='word_1_279' title='bbox 836 4101 992 4169; x_wconf 85' lang='lat' dir='ltr'><em>marginem</em></span> <span class='ocrx_word' id='word_1_280' title='bbox 1015 4102 1190 4156; x_wconf 75' lang='lat' dir='ltr'><em>exteriorem.</em></span> <span class='ocrx_word' id='word_1_281' title='bbox 1235 4101 1359 4156; x_wconf 74' lang='lat' dir='ltr'><em>Contulit</em></span> <span class='ocrx_word' id='word_1_282' title='bbox 1384 4105 1479 4158; x_wconf 88' lang='lat' dir='ltr'><em>tamen</em></span> <span class='ocrx_word' id='word_1_283' title='bbox 1507 4103 1544 4156; x_wconf 90' lang='lat' dir='ltr'><em>du</em></span> <span class='ocrx_word' id='word_1_284' title='bbox 1567 4104 1638 4158; x_wconf 86' lang='lat' dir='ltr'><em>Rieu</em></span> 
     </span>
     <span class='ocr_line' id='line_1_35' title="bbox 493 4183 1602 4258; baseline 0.007 -24"><span class='ocrx_word' id='word_1_285' title='bbox 493 4183 649 4237; x_wconf 86' lang='lat' dir='ltr'><em>columnam</em></span> <span class='ocrx_word' id='word_1_286' title='bbox 666 4184 797 4252; x_wconf 87' lang='lat' dir='ltr'><em>priorem,</em></span> <span class='ocrx_word' id='word_1_287' title='bbox 815 4185 832 4238; x_wconf 93' lang='lat' dir='ltr'><em>i.</em></span> <span class='ocrx_word' id='word_1_288' title='bbox 847 4202 870 4239; x_wconf 91' lang='lat' dir='ltr'><em>e.</em></span> <span class='ocrx_word' id='word_1_289' title='bbox 890 4202 976 4252; x_wconf 89' lang='lat' dir='ltr'><em>usque</em></span> <span class='ocrx_word' id='word_1_290' title='bbox 995 4187 1043 4240; x_wconf 83' lang='lat' dir='ltr'><em>ad:</em></span> <span class='ocrx_word' id='word_1_291' title='bbox 1062 4193 1147 4240; x_wconf 82' lang='lat' dir='ltr'><em>decus.</em></span> <span class='ocrx_word' id='word_1_292' title='bbox 1177 4188 1275 4241; x_wconf 88' lang='lat' dir='ltr'><em>Altera</em></span> <span class='ocrx_word' id='word_1_293' title='bbox 1291 4187 1349 4256; x_wconf 85' lang='lat' dir='ltr'><em>legi</em></span> <span class='ocrx_word' id='word_1_294' title='bbox 1367 4189 1478 4241; x_wconf 86' lang='lat' dir='ltr'><em>omnino</em></span> <span class='ocrx_word' id='word_1_295' title='bbox 1496 4190 1602 4258; x_wconf 87' lang='lat' dir='ltr'><em>nequit.</em></span> 
     </span>
     <span class='ocr_line' id='line_1_36' title="bbox 500 4265 1637 4342; baseline 0.008 -23"><span class='ocrx_word' id='word_1_296' title='bbox 500 4265 502 4271; x_wconf 57' lang='lat'><strong>⁴</strong></span> <span class='ocrx_word' id='word_1_297' title='bbox 576 4274 592 4320; x_wconf 92' lang='grc'>4</span> <span class='ocrx_word' id='word_1_298' title='bbox 611 4268 715 4323; x_wconf 84' lang='lat' dir='ltr'><em>Octavo</em></span> <span class='ocrx_word' id='word_1_299' title='bbox 734 4288 815 4324; x_wconf 89' lang='lat' dir='ltr'><em>versu</em></span> <span class='ocrx_word' id='word_1_300' title='bbox 833 4287 850 4322; x_wconf 94' lang='lat' dir='ltr'><em>a</em></span> <span class='ocrx_word' id='word_1_301' title='bbox 867 4270 941 4323; x_wconf 90' lang='lat' dir='ltr'><em>linea</em></span> <span class='ocrx_word' id='word_1_302' title='bbox 957 4269 999 4324; x_wconf 87' lang='lat' dir='ltr'><em>ita</em></span> <span class='ocrx_word' id='word_1_303' title='bbox 1016 4270 1120 4339; x_wconf 85' lang='lat' dir='ltr'><em>legitur</em></span> <span class='ocrx_word' id='word_1_304' title='bbox 1138 4271 1183 4338; x_wconf 76' lang='lat' dir='ltr'><em>(B-</em></span> <span class='ocrx_word' id='word_1_305' title='bbox 1201 4290 1252 4341; x_wconf 89' lang='lat' dir='ltr'><em>pr0</em></span> <span class='ocrx_word' id='word_1_306' title='bbox 1271 4275 1339 4340; x_wconf 84' lang='lat' dir='ltr'><em>bus);</em></span> <span class='ocrx_word' id='word_1_307' title='bbox 1357 4272 1446 4326; x_wconf 90' lang='lat' dir='ltr'><em>Maius</em></span> <span class='ocrx_word' id='word_1_308' title='bbox 1463 4274 1492 4326; x_wconf 92' lang='lat' dir='ltr'><em>in</em></span> <span class='ocrx_word' id='word_1_309' title='bbox 1510 4274 1637 4342; x_wconf 77' lang='lat' dir='ltr'><em>margine</em></span> 
     </span>
     <span class='ocr_line' id='line_1_37' title="bbox 491 4352 1205 4424; baseline 0.004 -17"><span class='ocrx_word' id='word_1_310' title='bbox 491 4353 586 4407; x_wconf 83' lang='lat' dir='ltr'><em>videre</em></span> <span class='ocrx_word' id='word_1_311' title='bbox 605 4352 658 4407; x_wconf 84' lang='lat' dir='ltr'><em>sibi</em></span> <span class='ocrx_word' id='word_1_312' title='bbox 674 4354 748 4408; x_wconf 86' lang='lat' dir='ltr'><em>visus</em></span> <span class='ocrx_word' id='word_1_313' title='bbox 767 4357 821 4409; x_wconf 84' lang='lat' dir='ltr'><em>est:</em></span> <span class='ocrx_word' id='word_1_314' title='bbox 841 4366 866 4409; x_wconf 88' lang='lat' dir='ltr'><em>et</em></span> <span class='ocrx_word' id='word_1_315' title='bbox 883 4360 1041 4422; x_wconf 82' lang='lat' dir='ltr'><em>uoluptatiba</em></span> <span class='ocrx_word' id='word_1_316' title='bbox 1061 4358 1085 4422; x_wconf 84' lang='lat' dir='ltr'><em>(b</em></span> <span class='ocrx_word' id='word_1_317' title='bbox 1103 4372 1154 4424; x_wconf 90' lang='lat' dir='ltr'><em>pro</em></span> <span class='ocrx_word' id='word_1_318' title='bbox 1172 4360 1205 4424; x_wconf 81' lang='grc' dir='ltr'><em>υ).</em></span> 
     </span>
    </p>

    <p class='ocr_par' dir='ltr' id='par_1_12' title="bbox 491 4439 1636 4580">
     <span class='ocr_line' id='line_1_38' title="bbox 577 4439 1636 4512; baseline 0.006 -21"><span class='ocrx_word' id='word_1_319' title='bbox 577 4443 591 4491; x_wconf 87' lang='lat'>5</span> <span class='ocrx_word' id='word_1_320' title='bbox 609 4439 723 4492; x_wconf 81' lang='lat' dir='ltr'><em>Decimo</em></span> <span class='ocrx_word' id='word_1_321' title='bbox 741 4459 823 4494; x_wconf 89' lang='lat' dir='ltr'><em>versu</em></span> <span class='ocrx_word' id='word_1_322' title='bbox 841 4458 858 4494; x_wconf 92' lang='lat' dir='ltr'><em>a</em></span> <span class='ocrx_word' id='word_1_323' title='bbox 875 4441 957 4494; x_wconf 89' lang='lat' dir='ltr'><em>linea.</em></span> <span class='ocrx_word' id='word_1_324' title='bbox 995 4439 1105 4493; x_wconf 83' lang='lat' dir='ltr'><em>Sallust.</em></span> <span class='ocrx_word' id='word_1_325' title='bbox 1126 4441 1204 4495; x_wconf 83' lang='lat' dir='ltr'><em>Catil.</em></span> <span class='ocrx_word' id='word_1_326' title='bbox 1226 4460 1247 4497; x_wconf 88' lang='lat' dir='ltr'><em>e.</em></span> <span class='ocrx_word' id='word_1_327' title='bbox 1259 4449 1302 4509; x_wconf 77' lang='lat'><em>25,</em></span> <span class='ocrx_word' id='word_1_328' title='bbox 1326 4443 1402 4512; x_wconf 90' lang='lat' dir='ltr'><em>apud</em></span> <span class='ocrx_word' id='word_1_329' title='bbox 1420 4461 1503 4512; x_wconf 89' lang='lat' dir='ltr'><em>quem</em></span> <span class='ocrx_word' id='word_1_330' title='bbox 1521 4445 1636 4512; x_wconf 85' lang='lat' dir='ltr'><em>legitur:</em></span> 
     </span>
     <span class='ocr_line' id='line_1_39' title="bbox 491 4529 912 4580; baseline 0.01 -5"><span class='ocrx_word' id='word_1_331' title='bbox 491 4529 517 4576; x_wconf 82' lang='lat' dir='ltr'><em>in</em></span> <span class='ocrx_word' id='word_1_332' title='bbox 536 4529 573 4576; x_wconf 87' lang='lat' dir='ltr'><em>eis</em></span> <span class='ocrx_word' id='word_1_333' title='bbox 591 4535 649 4577; x_wconf 88' lang='lat' dir='ltr'><em>erat</em></span> <span class='ocrx_word' id='word_1_334' title='bbox 665 4535 691 4578; x_wconf 88' lang='lat' dir='ltr'><em>et</em></span> <span class='ocrx_word' id='word_1_335' title='bbox 709 4531 827 4578; x_wconf 77' lang='lat' dir='ltr'><em>luxuriae</em></span> <span class='ocrx_word' id='word_1_336' title='bbox 845 4537 912 4580; x_wconf 86' lang='lat' dir='ltr'><em>sant.</em></span> 
     </span>
    </p>

    <p class='ocr_par' dir='ltr' id='par_1_13' title="bbox 491 4608 1637 4761">
     <span class='ocr_line' id='line_1_40' title="bbox 576 4608 1637 4679; baseline 0.007 -18"><span class='ocrx_word' id='word_1_337' title='bbox 576 4614 591 4661; x_wconf 82' lang='lat'>6</span> <span class='ocrx_word' id='word_1_338' title='bbox 609 4608 784 4678; x_wconf 80' lang='lat' dir='ltr'><em>IncipitCod.</em></span> <span class='ocrx_word' id='word_1_339' title='bbox 795 4610 891 4663; x_wconf 85' lang='lat' dir='ltr'><em>Ambr.</em></span> <span class='ocrx_word' id='word_1_340' title='bbox 911 4616 987 4679; x_wconf 79' lang='lat' dir='ltr'>p.90,</span> <span class='ocrx_word' id='word_1_341' title='bbox 1005 4611 1105 4678; x_wconf 86' lang='lat' dir='ltr'><em>lacera,</em></span> <span class='ocrx_word' id='word_1_342' title='bbox 1125 4613 1250 4679; x_wconf 85' lang='lat' dir='ltr'><em>obseura,</em></span> <span class='ocrx_word' id='word_1_343' title='bbox 1269 4629 1361 4666; x_wconf 84' lang='lat' dir='ltr'><em>erasa:</em></span> <span class='ocrx_word' id='word_1_344' title='bbox 1381 4613 1499 4667; x_wconf 81' lang='lat' dir='ltr'><em>eontulit</em></span> <span class='ocrx_word' id='word_1_345' title='bbox 1517 4614 1554 4667; x_wconf 90' lang='lat' dir='ltr'><em>du</em></span> <span class='ocrx_word' id='word_1_346' title='bbox 1567 4615 1637 4668; x_wconf 76' lang='lat' dir='ltr'><em>Rieu</em></span> 
     </span>
     <span class='ocr_line' id='line_1_41' title="bbox 491 4693 1286 4761; baseline 0.01 -17"><span class='ocrx_word' id='word_1_347' title='bbox 491 4709 578 4761; x_wconf 86' lang='lat' dir='ltr'><em>usque</em></span> <span class='ocrx_word' id='word_1_348' title='bbox 597 4693 633 4745; x_wconf 55' lang='lat' dir='ltr'><em>ad,</em></span> <span class='ocrx_word' id='word_1_349' title='bbox 650 4714 754 4761; x_wconf 85' lang='lat' dir='ltr'><em>pavere.</em></span> <span class='ocrx_word' id='word_1_350' title='bbox 789 4693 961 4749; x_wconf 85' lang='lat' dir='ltr'><em>Exseribitur</em></span> <span class='ocrx_word' id='word_1_351' title='bbox 978 4695 1089 4750; x_wconf 83' lang='lat' dir='ltr'><em>Sallust.</em></span> <span class='ocrx_word' id='word_1_352' title='bbox 1110 4695 1188 4751; x_wconf 84' lang='lat' dir='ltr'><em>Catil.</em></span> <span class='ocrx_word' id='word_1_353' title='bbox 1209 4716 1230 4752; x_wconf 90' lang='lat' dir='ltr'><em>e.</em></span> <span class='ocrx_word' id='word_1_354' title='bbox 1245 4706 1286 4752; x_wconf 82' lang='lat'><em>31.</em></span> 
     </span>
    </p>
   </div>
   <div class='ocr_carea' id='block_1_8' title="bbox 0 0 2076 5659">
    <p class='ocr_par' dir='ltr' id='par_1_14' title="bbox 0 0 2076 5659">
     <span class='ocr_line' id='line_1_42' title="bbox 0 0 2076 5659; baseline 0 0"><span class='ocrx_word' id='word_1_355' title='bbox 0 0 2076 5659; x_wconf 95' lang='lat' dir='ltr'><em> </em></span> 
     </span>
    </p>
   </div>
  </div>
 </body>
</html>
