4142 5659
510 672 560 756 34ι
723 671 759 724 M.
774 669 943 724 CORNELII
961 666 1168 723 FRCNTCNIS
1186 667 1444 723 EPISTULARUM

595 826 719 905 Merito·
735 843 833 925 ego',
857 843 901 904 mi
923 841 1116 924 magister2,
1139 840 1265 924 fraglo3
1292 841 1407 903 merito
1430 862 1530 903 unum
1551 861 1658 903 meum

510 945 631 1009 (κοπόν
653 942 733 1005 mihi
756 943 926 1024 constitui:
954 942 1070 1006 merito
1097 964 1197 1005 unum
1229 941 1392 1005 hominem
1414 941 1532 1024 cogito,
1562 963 1659 1025 quom

511 1043 604 1107 stilus
626 1045 662 1107 in
683 1066 797 1107 manus
819 1043 918 1107 venit.

594 1145 806 1210 Hexametros
834 1167 921 1210 meos
948 1145 1178 1209 iucundissime
1210 1145 1305 1228 petis,
1335 1166 1414 1228 quos
1442 1165 1503 1228 ego
1533 1165 1658 1228 quoque

511 1248 681 1311 confestim
703 1248 872 1330 misissem,
896 1247 923 1310 si
946 1246 1017 1310 illos
1039 1267 1164 1309 mecum
1185 1247 1348 1309 haberem.
1393 1245 1479 1309 Nam
1506 1245 1659 1309 librarius

509 1370 610 1433 meus
634 1371 729 1433 quem
749 1352 786 1412 tu
807 1348 904 1430 nosti,
928 1347 1102 1413 Anicetum
1125 1347 1206 1425 dico,
1230 1370 1301 1411 cum
1321 1347 1551 1431 proficiscerer,
1574 1346 1660 1410 nihil

509 1472 652 1515 meorum
675 1451 866 1515 scribtorum
888 1470 1014 1512 meeum
1035 1449 1134 1513 misit.
1173 1448 1242 1514 Scit
1264 1449 1350 1512 enim
1371 1449 1517 1512 morbum
1539 1470 1657 1531 meum,

511 1554 544 1614 et
565 1552 684 1634 timuit,
708 1573 749 1614 ne
772 1552 799 1615 si
821 1551 986 1615 venissent
1007 1550 1043 1613 in
1064 1552 1269 1633 potestatem,
1294 1551 1377 1634 quod
1399 1551 1485 1614 soleo
1505 1550 1657 1632 facerem,

511 1653 563 1716 et3
584 1653 620 1716 in
641 1653 765 1716 fumum
787 1653 992 1716 dimitterem.
1031 1651 1116 1716 Sane
1142 1651 1214 1715 istis
1241 1651 1437 1715 hexametris
1466 1673 1566 1734 prope
1588 1650 1660 1714 nul-

510 1754 577 1817 lum
599 1754 777 1837 periculum
801 1753 826 1838 1⁴
844 1756 923 1817 erat.
969 1753 1015 1818 Ut
1038 1754 1124 1816 enim
1145 1775 1256 1818 verum
1279 1754 1436 1838 magistro
1458 1774 1529 1816 meo
1558 1753 1658 1816 confi-

509 1858 590 1939 tear,
621 1878 692 1919 amo
719 1855 802 1919 illos.
847 1855 919 1939 Ego
946 1855 1020 1920 istic
1054 1855 1224 1919 noctibus5
1252 1855 1377 1919 studeo:
1408 1877 1486 1918 nam
1517 1855 1659 1918 interdiu

510 1956 544 2022 in
566 1957 693 2020 theatro
717 1956 943 2020 eonsumiturss.
969 1955 1085 2039 Itaque
1107 1957 1212 2019 minus
1230 1977 1292 2040 ago
1315 1957 1465 2039 vespere⁷
1487 1956 1657 2041 fatigatus,

510 2058 601 2122 luces
625 2058 812 2122 dormitans,
841 2057 917 2121 Feci
939 2059 1049 2120 tamen
1076 2078 1134 2140 per
1155 2056 1214 2121 hos
1238 2058 1305 2120 dies
1328 2060 1478 2141 excerpta
1506 2079 1545 2121 ex
1567 2058 1659 2121 libris

426 2146 430 2155 „
511 2159 681 2244 sexaginta
703 2161 738 2222 in
761 2159 901 2242 quinque
923 2159 1033 2222 tomis:
1058 2159 1113 2221 sed
1137 2179 1208 2221 cum
1229 2158 1318 2243 leges
1341 2159 1547 2243 sexaginta9:
1576 2158 1659 2222 inibi

510 2263 619 2324 sunt¹⁰
643 2264 675 2324 et
689 2260 856 2324 Nouianae
871 2261 936 2324 et¹¹
951 2259 1177 2339 Atellaniolae,
1195 2263 1227 2323 et
1243 2259 1402 2343 Scipionis
1420 2260 1657 2323 oratiunculae:

510 2384 552 2425 ne
573 2365 611 2424 tu
632 2384 801 2425 numerum
822 2361 919 2424 nimis
942 2382 1145 2444 expavescas.
1186 2360 1368 2425 Polemonis
1397 2362 1445 2424 tui
1473 2356 1662 2445 quoniam¹²

511 2464 696 2546 meministi,
720 2484 799 2548 rogo
820 2486 862 2527 ne
884 2462 1013 2526 Horatii
1035 2463 1230 2544 memineris
1255 2463 1309 2546 qui
1331 2462 1411 2525 mihi
1434 2485 1506 2527 oum
1522 2462 1658 2526 Polione

511 2567 560 2627 est
582 2567 743 2627 emortuus
753 2566 788 2627 ¹³.
837 2563 918 2628 Vale
940 2565 985 2627 mi
1014 2563 1225 2646 amicissime,
1259 2564 1330 2627 vale
1356 2564 1401 2627 mi
1424 2565 1655 2646 amantissime,
1746 2581 1749 2588 '

512 2665 622 2729 consul
651 2666 845 2748 amplissime
852 2715 861 2747 ,
898 2665 1054 2748 magister
1082 2665 1277 2747 dulcissime,
1313 2686 1407 2748 quem
1436 2687 1496 2750 ego
1525 2666 1658 2729 biennio

510 2767 575 2830 iam
596 2788 662 2829 non
684 2767 759 2830 vidi.
804 2765 889 2830 Nam
912 2767 995 2849 quod
1018 2766 1110 2829 aiunt
1132 2767 1261 2849 quidam
1284 2767 1361 2829 duos
1376 2766 1537 2830 menses¹⁴
1550 2767 1657 2845 ‚inter-

509 2868 621 2949 fuisse,
639 2867 712 2958 'dies
734 2869 916 2931 numerant.
940 2867 1055 2932 Eritne
1078 2889 1173 2951 quom
1194 2871 1227 2930 te
1249 2867 1388 2931 videbo?

597 3063 610 3108 1
629 3053 810 3108 Niebuhriue:
829 3053 927 3106 Forte:
946 3066 1015 3122 erpo.

596 3139 711 3193 2Cod.:
729 3145 877 3207 mapisterii.
938 3172 942 3184 1

596 3223 850 3293 3Expungendum
867 3223 921 3277 hoc
939 3235 972 3276 et.
999 3227 1174 3290 Heindorfius.
1217 3223 1289 3275 'lum
1309 3223 1483 3277 Eclxsteinius
1505 3225 1657 3277 admodmn

510 3309 667 3379 ingeniose:
686 3314 712 3361 in
728 3313 832 3375 furnum
850 3313 1008 3361 dimitterem.

594 3400 612 3447 4
628 3391 729 3461 Incipit
747 3391 814 3446 Cod.
833 3392 961 3458 Ambros.
980 3410 1008 3460 p.
1023 3397 1069 3444 101
1090 3408 1152 3444 cum
1169 3392 1307 3461 inscript:
1326 3390 1438 3445 EPIST.
1458 3393 1506 3446 AD
1524 3394 1560 3447 M.

595 3485 611 3532 5
630 3477 772 3546 suprascr.
790 3477 820 3529 in
839 3476 952 3530 Codice:
971 3480 1102 3540 confiteor.

596 3560 670 3615 ssCf.
690 3560 838 3629 Capitolio.
858 3579 879 3615 c.
894 3567 918 3614 4.
978 3620 981 3626 ¹

598 3646 676 3699 xlta
694 3644 788 3700 Codex
810 3644 870 3784 (ped
892 3645 921 3697 in
943 3643 1071 3718 margine
1087 3637 1099 3697 l
1117 3639 1142 3700 Ᾰ
1162 3646 1189 3714 [i.
1203 3664 1226 3700 e.
1246 3653 1272 3700 in
1290 3647 1352 3715 ulio]
1370 3645 1556 3715 VESPERA).
1587 3645 1656 3700 Cha-

511 3731 591 3783 risius
617 3729 665 3783 lib.
685 3729 718 3783 ΙΙ.
742 3747 770 3798 p.
784 3735 846 3796 22,
869 3729 912 3782 ed.
931 3729 1001 3787 Keil.
1030 3729 1123 3783 locum
1151 3730 1239 3784 citans
1266 3747 1318 3799 per
1344 3751 1360 3782 a
1387 3729 1495 3784 scribit:
1529 3731 1657 3784 Aurelius

511 3814 613 3869 Caesar
640 3813 676 3867 ad
698 3813 869 3868 Frontonem
894 3814 931 3866 H:
970 3834 1079 3882 vespero
1103 3820 1241 3883 scripuras,
1273 3822 1328 3868 luce
1359 3821 1506 3869 dormitans.
1552 3816 1657 3869 Rursus

511 3898 663 3953 Charisius:
681 3897 785 3952 Fronto
803 3914 869 3951 vero
888 3897 925 3951 ad
937 3899 1107 3952 Antoninum
1125 3898 1234 3966 quinto:
1253 3910 1281 3951 ut
1298 3906 1361 3952 enirn
1379 3906 1481 3967 vesperi
1501 3906 1528 3953 in
1546 3907 1657 3954 triduum
1763 3891 1766 3899 ’

510 3990 613 4041 mittam.
648 3983 685 4036 M.
698 3981 827 4036 Aurelius
844 3983 865 4036 l.
879 3990 903 4036 3.
922 3983 986 4036 Π.9
1008 4003 1129 4051 vespera,
1153 3984 1203 4036 sed
1224 3982 1298 4036 idem
1317 3984 1351 4036 de
1370 4001 1432 4053 nep.
1453 3991 1535 4038 am.1
1555 3991 1659 4053 vesperi

510 4070 588 4121 sexto
609 4068 678 4121 item
697 4085 770 4121 casu.
807 4067 884 4121 Haeo
901 4071 996 4121 Maiis.

496 4259 502 4270 ,
595 4212 611 4259 8
630 4203 722 4257 Codex
739 4151 844 4269 Liidm
864 4203 946 4256 credo
964 4204 1083 4258 alteram
1100 4221 1213 4257 manum
1231 4203 1351 4258 voluisse
1369 4205 1437 4259 dare
1449 4164 1561 4260 'RURR

596 4296 611 4343 9
631 4288 720 4359 Supra
737 4306 788 4342 scr.
806 4292 891 4342 libros.

579 4381 611 4427 10
628 4374 672 4426 lta
690 4372 790 4439 Codex,
808 4373 840 4425 ut
858 4373 1014 4427 coniecerat
1030 4373 1205 4427 Niebuhrius.

513 4497 517 4506 .
579 4465 609 4512 11
628 4458 803 4511 Heindorfius
820 4469 846 4510 et
864 4458 1005 4526 expungit,
1024 4458 1090 4524 quia
1102 4458 1207 4512 Novius
1225 4459 1284 4529 ipse
1301 4461 1445 4515 Atellanas
1462 4462 1620 4532 scripserat.

579 4549 610 4596 12
629 4543 710 4596 Cod.:
730 4563 808 4611 quem.

579 4634 610 4681 13
629 4627 662 4680 cf.
682 4626 769 4695 Epist.
787 4627 808 4680 I.
823 4633 846 4680 6.

554 4739 556 4743 >
579 4716 610 4765 14
629 4709 695 4763 Cod.
714 4729 756 4780 pr.
775 4729 811 4765 m.
830 4732 923 4770 mones.
