4142 5659
532 679 595 742 204
629 738 631 741 ,
878 675 914 727 M.
929 673 1099 729 CORNELII
1116 673 1322 729 FRONTONIS

531 851 619 911 ortae
647 847 736 911 brevi
770 848 839 911 die¹
867 844 1073 910 occiderunt:
1103 865 1236 928 quorum
1263 845 1357 908 unius
1385 846 1544 910 humanae
1571 848 1676 931 prolis

531 952 636 1014 aetate
663 949 833 1034 imperium
860 948 1055 1012 exstinctum
1083 949 1140 1009 est.
1185 946 1270 1011 Nam
1303 946 1359 1010 illa
1387 969 1468 1031 quae
1496 950 1676 1014 Alexandri

532 1054 662 1116 comites
688 1050 925 1134 familiaresque
960 1052 1149 1132 tenuerunt,
1184 1048 1407 1131 praefecturae
1438 1050 1541 1135 magis
1575 1075 1675 1135 quam

450 1151 451 1154 ’
529 1154 664 1237 imperia
691 1153 902 1237 appellandae
927 1200 1167 1215 ........
1198 1149 1349 1213 Nemini²
1371 1172 1505 1235 usquam
1520 1154 1676 1237 oppidum

497 1287 502 1307 κ
529 1276 632 1339 neque
659 1258 781 1319 tectum
802 1254 992 1318 diutunum3
1019 1255 1075 1315 aut
1100 1252 1199 1314 limen
1226 1251 1455 1331 inveteratum:
1489 1253 1675 1320 libertatem

528 1357 639 1441 inopia
667 1357 781 1441 sortiti,
799 1357 885 1440 *quia
912 1357 1041 1439 inopem
1064 1353 1233 1438 subigendi
1261 1353 1379 1417 sterilis
1406 1354 1530 1419 fructus
1552 1357 1674 1421 laboris

530 1459 656 1543 capitur
685 1509 692 1523 .
718 1509 724 1522 .
751 1509 757 1522 .
784 1509 791 1522 .
821 1457 917 1543 Vaga,
941 1458 1107 1541 palantes,
1138 1455 1227 1518 nullo
1254 1454 1379 1518 itineris
1407 1457 1567 1521 destinato
1594 1459 1672 1542 fine,

528 1582 594 1625 non
617 1561 657 1624 ad
678 1560 794 1644 locum,
825 1561 880 1624 sed
902 1561 942 1623 ad
963 1578 1130 1642 vesperum
1153 1557 1375 1620 contenditur⁴
1399 1607 1671 1624 .........

531 1682 545 1726 τ
564 1708 1358 1727 ........................
1395 1662 1673 1744 direpl⁵tionibus

530 1763 635 1828 clades
658 1763 836 1847 ediderrmt,
860 1764 1020 1827 latronum
1033 1760 1139 1844 potius
1162 1782 1258 1843 quam
1272 1760 1413 1823 hostium
1428 1783 1560 1826 numero
1577 1764 1670 1828 duco.

528 1863 594 1930 Soli
625 1863 791 1928 hominum
824 1864 938 1928 Parthi
971 1865 1122 1928 adversus
1154 1861 1308 1945 populum
1344 1861 1525 1926 Romanum
1554 1864 1672 1929 hostile

527 1988 646 2031 nomen
667 1967 753 2030 haud
774 1987 925 2050 umquam
956 1963 1225 2029 contemnendum
1251 1968 1435 2048 gesserunt:
1463 1966 1496 2029 id
1517 1966 1595 2028 satis
1618 1967 1671 2031 de-

527 2072 685 2132 monstrat
705 2090 772 2132 non
794 2067 900 2134 Crassi
922 2067 1015 2130 modo
1039 2066 1144 2130 clades
1167 2069 1200 2156 et
1221 2066 1358 2129 Antonii
1380 2066 1474 2130 foeda
1495 2067 1584 2151 fuga,
1613 2070 1671 2133 sed

527 2171 624 2255 etiam
646 2170 813 2234 fortissimi
834 2169 1035 2253 imperatoris
1052 2167 1183 2231 Traiani
1206 2167 1304 2231 ductu
1326 2167 1471 2251 legatus⁶
1494 2190 1566 2232 cum
1582 2191 1670 2232 exer-

528 2272 594 2336 citu
617 2293 743 2355 caesus,
779 2275 811 2336 et
838 2271 993 2355 principis
1018 2270 1058 2333 ad
1080 2266 1279 2352 triumphum
1301 2266 1484 2333 decedentis
1505 2268 1670 2364 haudqua-

527 2394 622 2456 quam
644 2395 756 2437 secura
777 2395 838 2437 neo
859 2374 1029 2436 incruenta
1051 2371 1260 2454 regressio&
1549 2440 1551 2444 μ

610 2473 701 2537 Bella
722 2474 823 2559 igitur
851 2473 912 2536 duo
938 2473 1078 2536 maxima
1105 2494 1125 2535 a
1147 2471 1268 2535 duobus
1294 2474 1442 2536 maximis
1469 2474 1669 2557 imperatori-

525 2575 585 2638 bus
619 2575 786 2640 adversum
814 2573 951 2639 Parthos
983 2576 1095 2638 nostra
1122 2573 1276 2637 memoria
1301 2575 1372 2657 pari
1405 2577 1522 2638 eventu
1548 2575 1669 2640 bellate

526 2677 718 2741 contendere
739 2677 825 2740 inter
844 2697 912 2739 sese
933 2697 991 2759 pro
1015 2675 1114 2759 copiis
1131 2675 1281 2758 cuiusque
1304 2675 1393 2739 ducis
1416 2679 1449 2739 et
1470 2678 1668 2760 temporibus

524 2797 674 2860 pergam:
702 2775 787 2840 haud
809 2779 953 2862 ignarus,
981 2777 1098 2841 fortia8
1121 2777 1266 2840 facinora
1286 2777 1464 2841 viventium
1477 2779 1666 2862 ‚gravatius

525 2880 723 2943 mortuorum
750 2880 880 2968 gratius
902 2879 1020 2963 accipi:
1054 2879 1156 2942 faveri
1183 2877 1384 2962 praeteritis,
1413 2878 1548 2969 invideri
1576 2902 1666 2964 prae-

526 2979 701 3044 sentibusb.
746 2979 893 3065 Namque
921 2980 1042 3044 invidia
1076 3001 1200 3063 semper
1225 3028 1231 3041 .
1255 3029 1261 3042 .
1286 2981 1475 3063 9persistere
1499 3031 1506 3044 .
1531 3030 1538 3044 .
1563 2982 1601 3045 de
1626 3033 1632 3045 .
1658 3035 1664 3045 .

524 3080 591 3145 in.
618 3130 624 3145 .
649 3082 775 3146 docebit
796 3084 843 3146 ut.
888 3077 1027 3166 Dempta
1054 3080 1164 3164 visque
1194 3078 1307 3168 [extra]
1336 3102 1429 3165 posse
1453 3080 1537 3171 [quo]
1567 3083 1663 3147 bi..

524 3181 1666 3268 an..eece..visui.......l¹⁰...Ubiprimummagnumducem

609 3389 676 3439 alo
693 3392 820 3453 marpine:
851 3385 908 3438 Soli
930 3385 1075 3438 hominum
1091 3415 1124 3422 -
1141 3399 1243 3438 nomen
1260 3385 1335 3438 haud
1353 3387 1586 3440 contemnendum
1603 3404 1665 3456 ges-

523 3471 630 3524 serunt:
648 3470 678 3523 id
695 3471 721 3524 d.
742 3470 770 3524 C.
791 3488 812 3524 c.
831 3471 862 3524 A.
883 3471 901 3523 f.
920 3470 949 3535 f.,
968 3469 1084 3523 Traiani
1101 3469 1280 3538 Imperatoris
1303 3469 1388 3524 ductu
1405 3470 1422 3524 l.
1434 3487 1456 3524 e.
1477 3487 1499 3525 e.
1520 3488 1616 3525 caesus
1635 3475 1665 3526 et

521 3553 607 3622 ipsius
624 3555 757 3624 principis
776 3554 813 3608 ad
830 3553 1003 3622 triumphum
1020 3552 1156 3606 venientis
1167 3570 1224 3606 non
1236 3568 1334 3606 secura
1346 3554 1375 3607 et
1386 3554 1500 3616 laudata
1515 3556 1662 3624 regressio.

606 3638 624 3692 b
644 3643 677 3693 In
693 3645 821 3708 margine:
837 3637 920 3690 Haud
937 3667 970 3675 -
987 3635 1148 3706 praeteritis
1165 3636 1358 3706 praesentibus
1375 3637 1501 3693 invideri.

608 3795 621 3842 1
639 3789 779 3843 Emendat
796 3788 967 3857 Schopenus:
987 3795 1054 3843 dein.

528 3910 530 3915 -
606 3873 741 3928 auotmo
760 3891 787 3942 p.
807 3878 840 3926 23
859 3873 1004 3940 sequentia
1022 3873 1057 3927 de
1075 3873 1221 3928 Germanis
1239 3873 1315 3927 dicta
1331 3874 1468 3929 videntur.

605 3956 682 4011 3lta
700 3955 801 4010 Codex.
1188 3959 1194 3972 ‘

604 4045 621 4092 4
637 4039 807 4094 Niebuhrius
826 4038 933 4095 confert
951 4041 1062 4097 Sallust.
1081 4041 1205 4110 Iugurth.
1227 4047 1266 4098 18.

605 4129 621 4177 5
638 4122 769 4192 Sequitur
785 4143 813 4195 p.
833 4131 881 4180 261
900 4143 994 4195 erasa,
1018 4127 1069 4181 sed
1089 4126 1210 4195 vestigia
1227 4128 1397 4197 respondent
1413 4128 1542 4196 margini.
1578 4130 1661 4185 Hein-

520 4207 623 4261 dorfius
641 4208 764 4277 supplet:
786 4209 860 4265 Nam
878 4213 985 4266 ceteras
1004 4211 1116 4279 quidem
1134 4212 1240 4279 gentes,
1259 4228 1331 4280 quae
1350 4212 1546 4282 direptionibus.

604 4289 779 4348 ssMaximus.

604 4380 619 4428 7
636 4372 725 4429 Maius
743 4378 851 4453 confert
867 4379 948 4433 Dion.
968 4379 996 4434 0.
1016 4377 1136 4434 LXVIII.
1156 4385 1197 4434 29.

603 4458 681 4512 8Ita
699 4459 774 4528 eoa,
792 4468 935 4529 fortissz’mo
951 4462 1049 4516 Maius.

603 4542 707 4596 9Hine
724 4545 761 4597 ad
778 4546 862 4600 finem
878 4546 999 4615 paginae
1023 4548 1198 4601 suntversus
1216 4548 1288 4604 XVI.
1316 4553 1410 4606 Maius.

517 4706 565 4762 bul
586 4623 766 4762 Ill-Spquitur
778 4626 845 4681 dod.
863 4645 890 4697 p.
905 4634 964 4696 274,
982 4629 1011 4681 in
1024 4647 1080 4697 qua
1098 4632 1190 4685 omnia
1203 4650 1217 4686 e
1230 4632 1357 4700 margine
1375 4636 1488 4701 praeter
1506 4635 1560 4689 duo
1579 4653 1659 4690 voca·

567 4724 584 4761 a
600 4726 629 4762 m
665 4726 708 4764 ne.
