4142 5659
755 642 803 693 An
821 640 954 694 lurcos
972 642 1080 694 arnna
1098 643 1130 694 n.
1457 645 1518 708 199
1604 645 1608 649 “

704 827 808 893 rm.
839 827 948 894 Arrio
970 826 1183 894 Antonino&

458 965 633 1050 Gratulor?
658 964 738 1048 mihi
764 964 920 1047 plerisque
954 965 1134 1028 bominibus
1159 965 1198 1026 .’.
1226 1015 1232 1027 .
1259 1016 1264 1027 .
1292 965 1352 1043 „³
1375 986 1444 1028 esse
1475 1017 1481 1029 .
1508 1018 1515 1031 .

375 1117 515 1131 .....
524 1067 536 1105 ⁴
559 1088 627 1129 esse
650 1087 701 1129 me
724 1088 742 1128 a
763 1068 795 1128 te
818 1087 885 1130 non
901 1087 1001 1147 secus
1024 1087 1119 1148 quam
1145 1069 1312 1149 parentem
1343 1066 1514 1132 observari.

374 1170 420 1233 Eo
442 1169 490 1250 fit,
520 1171 557 1231 ut
579 1169 619 1230 ad
641 1190 692 1230 me
707 1168 879 1231 decurrant
894 1167 1023 1249 plurimi
1040 1168 1093 1250 qui
1108 1170 1197 1230 tuam
1215 1168 1355 1250 gratiam
1371 1169 1515 1251 cupiunt.

336 1344 340 1360 ,
374 1270 457 1345 Quos
480 1291 539 1353 ego
562 1291 627 1333 non
650 1272 770 1331 temere
799 1290 859 1330 nec
887 1270 955 1331 sine
984 1268 1101 1331 dilectu
1125 1268 1228 1350 audio,
1252 1266 1307 1331 sed
1335 1270 1433 1352 probe
1462 1292 1516 1353 pe-

373 1371 516 1435 tentibus
550 1370 740 1454 suffragium
771 1391 877 1432 meum
903 1369 1067 1452 impertio:
1102 1370 1142 1431 iis
1177 1391 1267 1451 vero,
1297 1371 1352 1453 qui
1380 1365 1517 1453 ¹parum⁵

373 1472 470 1556 probe
493 1473 611 1555 quida
638 1474 670 1534 te
693 1472 900 1554 impetratum
928 1471 1031 1535 velint
1057 1471 1159 1552 esse⁶,
1189 1471 1328 1554 denego:
1356 1474 1393 1534 ut
1420 1494 1439 1534 a
1465 1495 1516 1537 me

373 1575 477 1658 potius
501 1573 536 1636 ill
561 1624 566 1636 .
593 1623 599 1636 .
626 1623 633 1636 .
658 1571 833 1635 ERETUL
858 1622 889 1634 ..
917 1576 958 1641 (Υ)
987 1571 1191 1635 Baburiana⁷
1215 1572 1239 1636 C
1264 1623 1270 1635 .
1297 1623 1303 1634 .
1331 1623 1337 1635 .
1363 1572 1516 1639 olma

375 1673 545 1740 OENCSR
570 1725 576 1737 .
603 1725 609 1737 .
636 1726 642 1737 .
669 1725 675 1737 .
700 1673 818 1738 NSUA
843 1725 849 1736 .
876 1724 882 1736 .
910 1723 915 1735 .
941 1673 1040 1736 SITA
1064 1722 1301 1736 ........
1327 1695 1415 1737 caros
1438 1673 1517 1738 mihi

374 1778 456 1840 viros
481 1779 513 1839 et
535 1797 654 1859 magno
677 1797 771 1859 opere
793 1776 833 1838 iis
856 1775 986 1857 obsequi
1010 1775 1146 1857 cupiam.
1181 1775 1264 1837 Item
1286 1778 1395 1838 tamen
1417 1786 1451 1838 ut
1475 1825 1481 1839 .
1508 1827 1515 1840 .

375 1876 642 1960 oiApmlHlA
666 1929 672 1940 .
696 1877 863 1960 potissima
892 1876 953 1938 sitl
986 1876 1128 1938 iustitiae
1161 1878 1235 1938 tuae
1268 1876 1350 1939 ratio
1443 1927 1450 1939 .
1476 1878 1517 1940 ‚¹⁰

373 1982 445 2042 tuae
460 1979 656 2041 humanitati
674 2000 854 2062 congruens
871 1978 1049 2057 videbatur,
1074 1977 1266 2040 desiderium
1281 1976 1517 2042 Baburianae¹¹

375 2080 659 2143 commendandum
689 2077 771 2166 [tibi]
802 2081 919 2163 recepi,
951 2083 982 2141 et
1009 2100 1106 2161 quam
1133 2098 1261 2161 possum
1289 2079 1518 2143 studiosissime

375 2181 559 2244 commendo
569 2181 594 2220 ¹2
619 2231 759 2244 .....
785 2202 844 2264 ego
867 2203 924 2263 per
948 2231 954 2242 .
981 2229 988 2241 .
1013 2180 1051 2241 de
1080 2199 1173 2261 opere
1202 2179 1408 2243 extruenda.
1434 2231 1440 2243 .
1467 2202 1517 2243 ex-

374 2286 524 2346 tructum.
571 2282 779 2346 Videbatur.
806 2332 812 2344 .
837 2281 973 2364 dependi
998 2331 1003 2343 .
1031 2331 1037 2343 .
1062 2279 1280 2363 pronuntiasti
1309 2280 1386 2362 quid
1412 2281 1452 2344 ad
1477 2331 1483 2344 .
1510 2332 1516 2345 .

374 2406 433 2466 quo
461 2381 596 2471 votlum]
623 2433 629 2446 .
656 2434 662 2445 .
688 2404 765 2466 agas
799 2383 882 2466 quod
919 2380 1003 2467 [fuit]
1038 2381 1231 2445 tradendum
1259 2377 1406 2465 superest
1433 2384 1517 2465 quod

375 2489 444 2549 ate
470 2536 477 2548 .
504 2533 510 2548 .
535 2487 570 2549 in
593 2506 695 2568 pauca
719 2485 892 2547 conferam.

457 2586 645 2652 Sententiae
666 2589 741 2649 tuae
758 2584 942 2648 Baburiana
958 2606 1023 2647 non
1039 2605 1140 2667 aequo
1163 2585 1270 2647 animo
1292 2585 1348 2648 sed
1370 2589 1518 2668 prompto

375 2690 470 2752 etiam
494 2692 526 2751 et
548 2709 651 2771 paene
676 2737 682 2750 .
710 2737 716 2749 .
743 2687 784 2749 .¹3
808 2735 1445 2750 ....................

457 2788 574 2864 Quid¹⁴
596 2790 696 2872 igitur
718 2787 875 2870 postulat,
907 2788 990 2869 quod
1017 2787 1079 2849 tibi
1101 2809 1166 2849 non
1190 2786 1418 2874 ambitilosum]
1445 2809 1518 2851 eou-

458 3000 471 3045 1
492 2992 588 3046 Sermo
606 2992 635 3043 in
652 2991 705 3044 hae
724 2990 844 3059 epistola
861 2989 970 3043 videtur
987 2989 1072 3042 fuisse
1091 2988 1125 3042 de
1143 2989 1290 3057 redempto
1308 2989 1421 3057 publico
1434 3006 1518 3058 opere

376 3078 504 3145 quodam,
523 3077 598 3130 cuius
610 3077 705 3145 partes
723 3076 832 3143 aliquae
852 3075 887 3127 ad
905 3071 1298 3141 Baburianam'pertinebant.
1324 3072 1399 3141 Opus
1416 3073 1518 3142 impro-

376 3163 491 3216 baverat
508 3161 606 3214 Arrius
623 3159 788 3224 Antoninus,
807 3160 863 3224 aut,
882 3158 956 3224 quod
974 3175 1030 3211 non
1048 3157 1145 3210 fuisset
1156 3158 1282 3225 tempore
1302 3156 1451 3210 constituto
1470 3159 1518 3211 ab·
1604 3192 1608 3199 -

376 3247 501 3312 solutum,
520 3245 709 3299 Baburianam
727 3260 873 3297 usurarum
890 3242 1022 3311 pensione
1042 3241 1232 3294 damnauerat.
1268 3245 1428 3294 Niebubn'us.

458 3336 473 3382 2
492 3329 616 3382 Primum
634 3329 750 3383 verbum
770 3344 802 3380 ex
820 3326 914 3379 Indice
934 3327 983 3391 est,
1004 3326 1049 3377 ubi
1069 3326 1216 3393 praeterea
1231 3332 1377 3393 plerosque.

459 3423 474 3469 3
492 3413 662 3467 Exciderunt
680 3430 727 3465 sex
744 3413 864 3465 litterae.

459 3506 476 3552 4
493 3497 663 3551 Exciderunt
680 3500 738 3550 tres
756 3514 859 3550 versus.

459 3584 524 3636 5111
543 3581 643 3635 Codice
662 3581 843 3648 distinguitur
862 3580 990 3644 IARU(‘);
1009 3579 1097 3632 Maius
1116 3591 1204 3630 utrem.

459 3668 568 3720 tDuas
591 3666 700 3720 litteras
724 3665 858 3734 supplevi.
894 3665 997 3718 Parum
1020 3664 1148 3717 accurate
1172 3663 1200 3714 in
1223 3663 1276 3716 hac
1294 3663 1414 3731 epistola
1430 3664 1519 3716 trans-

377 3752 520 3806 scribenda
537 3751 626 3804 Maius
645 3752 771 3804 versatus
790 3753 839 3802 est.
876 3748 990 3801 Errores
1014 3748 1072 3802 eius
1093 3763 1149 3800 non
1167 3746 1332 3801 adscribam.

461 3835 633 3890 7Baburiae
671 3834 777 3887 Plotiae
810 3835 901 3886 exstat
932 3833 1067 3902 Tergeste
1098 3831 1242 3900 inscriptio
1274 3832 1349 3901 apud
1384 3832 1517 3886 Murator.

380 3922 449 3977 1312.
474 3929 511 3975 le.
548 3925 642 3973 Maius.

460 4012 476 4060 8
493 4005 595 4074 Incipit
613 4004 678 4057 Cod.
698 4022 724 4071 p.
745 4008 807 4068 297,
827 4020 897 4069 quae
916 4020 971 4055 non
989 4001 1092 4069 ubique
1112 3999 1232 4054 conferri
1248 4001 1348 4068 potuit.

461 4098 475 4143 9
495 4089 561 4143 Cod.
580 4092 612 4141 ut
630 4087 776 4140 videbatur
793 4107 829 4140 ru.
859 4085 959 4139 Cetera
977 4087 1139 4140 laminarum
1158 4086 1249 4154 spatia
1267 4086 1397 4138 accurate
1414 4085 1518 4139 notavi.

445 4181 475 4227 10
495 4173 598 4243 Supple
621 4173 688 4226 duos
706 4189 807 4226 versus.

399 4280 400 4284 ¹
444 4266 475 4311 11
495 4257 561 4311 Cod.
581 4256 788 4321 BABURANI‘,
807 4258 837 4308 ut
855 4255 1009 4308 videbatur.
1051 4302 1054 4307 .

445 4349 476 4396 12
494 4343 564 4395 Exin
586 4342 615 4394 in
634 4340 734 4395 Codice
756 4357 842 4408 usque
866 4339 902 4393 ad
923 4339 1045 4408 paginae
1067 4340 1150 4391 finem
1167 4336 1267 4403 reliqui
1285 4337 1349 4390 sunt
1366 4352 1461 4389 versus
1478 4343 1520 4404 36,

380 4443 495 4493 querum
512 4427 656 4480 minimam
673 4426 783 4495 partem
799 4425 894 4493 legere
911 4423 997 4477 licuit.
1034 4427 1129 4476 Maius.

446 4519 477 4566 13
494 4510 605 4564 Excidit
622 4529 692 4563 unus
710 4527 805 4563 versus
824 4510 853 4562 et
871 4509 935 4562 dim.

447 4602 477 4648 14
496 4595 648 4663 Sequentia
665 4611 764 4663 parum
783 4596 911 4648 accurate
924 4593 999 4662 apud
1011 4591 1127 4655 Maium3
1147 4591 1291 4660 superiora
1302 4591 1396 4658 legere
1415 4589 1519 4642 amicus

379 4695 433 4732 non
449 4679 551 4748 potuit·
568 4695 619 4732 nee
638 4679 762 4732 eontulit.
