4142 5659
524 657 587 721 232
869 651 905 704 M.
926 650 1096 705 CORNELII
1117 648 1325 704 FRONTONIS

525 828 660 908 possunt
693 825 733 888 ab
766 823 831 886 ullo
865 812 1063 906 contingere.
1109 820 1183 884 Mea
1215 801 1314 884 manu
1341 841 1408 883 non
1436 820 1569 903 scribsi,
1599 821 1673 904 quia

525 927 650 1010 vesperi
672 926 739 989 loto
760 925 921 989 tremebat
948 924 1045 987 etiam
1073 922 1218 986 manus¹.
1262 921 1344 985 Vale
1372 922 1417 984 mi
1443 921 1672 986 iucundissime

526 1028 692 1112 magister.

772 1195 825 1261 ΙΙ.
862 1193 1044 1260 Antonino
1066 1193 1229 1275 Augusto
1254 1193 1435 1275 l²Fronto

613 1332 724 1396 Multis
747 1330 979 1411 huiuscemodi³
1006 1330 1208 1407 maeroribus
1229 1329 1361 1393 fortuna
1388 1352 1439 1393 me
1467 1352 1676 1413 peromnem

527 1435 628 1497 vitam
655 1455 761 1496 meam
795 1432 947 1496 exercuit.
993 1431 1078 1495 Nam
1110 1435 1148 1495 ut
1175 1431 1238 1494 alia
1265 1453 1338 1495 mea
1372 1432 1488 1501 acerba
1515 1431 1674 1514 omittam,

529 1535 669 1618 quinque
692 1534 784 1597 amisi
805 1534 924 1597 liberos
946 1534 1125 1597 miserrima
1148 1534 1276 1618 quidem
1292 1533 1479 1597 condicione
1495 1536 1677 1617 temporum

529 1657 688 1700 meorum:
718 1658 794 1698 nam
822 1635 961 1720 quinque
987 1657 1098 1699 omnes
1120 1656 1376 1718 unumquemque
1398 1656 1524 1718 semper
1546 1636 1677 1699 unicum

531 1737 640 1819 amisi,
670 1737 729 1800 has
757 1737 906 1800 orbitatis
933 1737 1019 1800 vices
1041 1759 1221 1821 perpessus,
1251 1739 1288 1800 ut
1309 1758 1484 1819 numquam
1511 1736 1594 1800 mihi
1615 1736 1694 1822 nisi„

530 1838 643 1902 orbato
666 1838 772 1901 filius⁴
795 1841 990 1902 nasceretur.
1044 1837 1096 1901 Ita
1124 1860 1249 1921 semper
1277 1841 1346 1901 sine
1373 1837 1439 1900 ullo
1461 1838 1581 1902 solacio
1603 1839 1679 1901 resi·
1706 1857 1708 1859 ’

531 1934 593 2002 duo
615 1939 732 2002 liberos
756 1939 859 2021 amisi,
884 1961 955 2003 cum
977 1940 1100 2002 recenti
1121 1939 1211 2003 luctu
1233 1940 1408 2023 procreavi.

615 2039 736 2103 Verum
764 2040 836 2103 illos
867 2061 927 2124 ego
955 2040 1061 2102 luctus
1089 2040 1223 2103 toleravi
1250 2041 1376 2124 fortiuS,
1406 2041 1523 2124 quibus
1552 2046 1680 2127 egomet

530 2143 600 2224 ipse
622 2141 707 2204 solus
735 2141 911 2205 cruciabar.
957 2141 1105 2225 Namque
1132 2164 1222 2206 meus
1256 2143 1382 2206 animus
1412 2148 1552 2207 meomet
1579 2144 1679 2208 dolori

531 2243 690 2307 obnixus⁵
718 2243 882 2326 oppositus
911 2243 1002 2326 quasi
1033 2243 1177 2308 solitario
1201 2245 1386 2327 certamine,
1417 2267 1501 2308 unus
1523 2246 1592 2329 uni,
1621 2269 1681 2329 par

534 2345 605 2427 pari
627 2344 808 2407 resistebat.
849 2345 896 2407 At
917 2366 1029 2408 nunc.
1056 2394 1063 2408 .
1090 2394 1097 2408 .
1123 2345 1151 2408 .⁶
1166 2345 1402 2409 dolordolore.
1428 2396 1435 2409 .
1462 2347 1490 2409 ,⁷
1518 2348 1546 2410 ri
1574 2347 1680 2410 multi-

532 2445 670 2529 plicatur
696 2448 728 2509 et
752 2445 912 2509 cumulum
933 2445 1079 2509 luctuum
1106 2448 1268 2511 meorum⁸
1289 2447 1374 2510 ferre
1402 2469 1543 2531 neque03
1571 2448 1680 2512 Victo-

533 2546 597 2609 rini
619 2546 682 2609 mei
704 2545 846 2610 lacrimis
868 2547 1009 2629 tabesc0‚
1036 2548 1249 2632 conliqueseo.
1282 2548 1384 2632 Saepe
1400 2551 1495 2613 etiam
1514 2551 1682 2633 expostulo

535 2670 606 2710 oum
629 2647 678 2712 dis
700 2648 934 2712 immortalibus
958 2652 990 2712 et
1011 2649 1082 2712 fata
1103 2649 1208 2734 iurgio
1231 2651 1397 2734 compello.

618 2747 822 2812 Victorinum
849 2750 986 2833 pietate,
1016 2753 1279 2835 mansuetudine,
1309 2753 1456 2836 veritate,
1492 2753 1683 2818 innocentia

534 2850 683 2932 maxima,
713 2851 855 2914 omnium
878 2851 1013 2934 denique
1037 2851 1231 2934 optimarum
1254 2855 1372 2917 artium
1399 2853 1611 2937 praecipuum
1638 2856 1683 2918 vi-

533 2972 604 3014 rum
638 2952 844 3015 acerbissima
878 2955 980 3016 morte
1015 2953 1061 3015 fili
1095 2953 1276 3018 adflictum:
1320 2956 1455 3019 hoccine
1489 2955 1556 3018 ullo
1589 2957 1684 3020 modo

415 3088 423 3115 ι
535 3075 670 3137 aequum
699 3056 754 3116 aut
782 3053 903 3116 iustum
930 3053 1017 3117 fuit?
1062 3052 1095 3117 Si
1128 3055 1331 3137 providentia
1364 3079 1416 3120 res
1444 3057 1683 3142 gubernantur,

534 3155 595 3219 hoc
617 3154 769 3237 idem9l¹⁰
784 3157 871 3218 recte
893 3155 1057 3237 provisum
1073 3155 1144 3218 est?
1181 3155 1215 3219 si
1236 3156 1305 3220 fato
1326 3162 1443 3222 cuncta
1464 3159 1609 3222 humana
1632 3160 1684 3223 de-

536 3259 721 3338 cemuntur‚
745 3255 879 3320 hoccine
901 3256 969 3319 fato
992 3256 1120 3320 decerni
1144 3257 1301 3321 debean?
1340 3258 1473 3324 Nullum
1493 3281 1572 3344 ergo
1594 3260 1685 3325 inter

535 3359 636 3421 bonos
664 3379 702 3421 ae
734 3357 835 3421 malos
863 3357 1066 3421 fortunarum
1099 3357 1270 3423 discrimen
1299 3360 1388 3423 erit?
1431 3361 1530 3426 Nulla
1567 3362 1636 3426 deis
1647 3363 1682 3446 ¹²,

623 3601 635 3646 1
655 3593 716 3646 Duo
735 3594 872 3647 vocabula
890 3599 965 3647 etiam
983 3613 1070 3646 monus
1086 3593 1176 3647 Maius
1194 3594 1294 3649 omisit.

620 3683 635 3729 2
653 3675 755 3745 Incipit
773 3675 839 3730 Cod.
858 3694 885 3745 p.
907 3682 964 3732 150.
983 3726 985 3731 .

621 3767 636 3813 3
655 3757 794 3823 Quattuor
810 3759 919 3814 litteras
937 3761 1076 3830 supplevi3
1094 3763 1184 3830 possis
1203 3781 1313 3832 quoque
1331 3770 1404 3818 lacius
1416 3772 1527 3834 poneris.

622 3848 638 3895 4
654 3843 757 3896 Mirum
766 3850 833 3911 filius
844 3861 896 3914 pro
907 3852 982 3913 prole
993 3844 1021 3897 in
1034 3845 1202 3913 universum,
1219 3865 1285 3902 nam
1297 3865 1353 3902 non
1364 3849 1416 3903 nisi
1428 3849 1503 3904 filiae
1521 3854 1607 3907 natae
1620 3855 1686 3906 sunt

538 3925 679 3981 Frontoni.
710 3931 887 3982 Buttmannus.
915 3929 979 3982 Non
996 3931 1119 3997 memini,
1136 3931 1210 3985 unde
1221 3933 1252 3986 Β.
1272 3933 1326 3989 hou
1343 3933 1494 3989 resciverit.

624 4018 639 4066 5
657 4013 694 4065 At
712 4011 778 4065 Cod.
798 4030 840 4081 pr.
860 4030 896 4066 m.
921 4018 1026 4081 obnixe,
1050 4015 1125 4084 quod
1141 4017 1260 4072 fortasse
1277 4019 1412 4088 praestat
1452 4018 1562 4074 Codicis
1588 4021 1683 4076 lectio·

538 4115 602 4152 nem
619 4109 707 4151 memet
725 4097 884 4151 emendavit
901 4098 1048 4168 Hauptius.

602 4222 603 4227 η
623 4188 638 4234 6
657 4181 761 4251 Supple
779 4199 897 4236 versum.

623 4272 638 4319 7
658 4265 762 4322 Codex:
826 4258 987 4334 nouam,
1006 4259 1173 4324 ut‘videtur.

623 4349 803 4420 ascriptum
819 4351 906 4420 fugax
923 4368 975 4406 nec
993 4352 1061 4406 satis
1079 4355 1163 4408 certa.
1199 4355 1302 4410 Maius:
1326 4377 1435 4412 meorum
1452 4364 1569 4415 luctuum.

623 4441 639 4488 9
656 4433 775 4489 Videtur
792 4434 822 4487 in
840 4433 941 4490 Codice
960 4434 1075 4505 corrigi:
1094 4442 1206 4493 bordne.

607 4524 639 4573 10
657 4517 757 4587 Incipit
780 4517 846 4573 Cod.
866 4537 892 4590 p.
913 4526 970 4575 155.

608 4608 637 4659 11
655 4601 741 4656 Recte
760 4603 898 4672 supplevit
914 4604 1016 4671 Maius3
1035 4608 1184 4675 supersunt
1200 4607 1328 4677 vestigia.

608 4692 639 4740 12
658 4684 763 4740 Codex:
783 4693 846 4742 dies.
884 4686 1011 4744 Correxit
1027 4689 1206 4745 Niebuhrius.
