4142 5659
502 652 561 716 150
706 649 742 702 Μ,
758 647 927 702 CORNELII
944 645 1153 700 FRONTCNIS
1171 644 1427 700 EPISTULARUM

583 820 673 884 Haec
700 820 736 882 in
759 840 811 882 eos
834 818 944 881 fabula
972 817 1141 900 competit,
1169 818 1224 900 qui
1252 817 1342 880 nulla
1369 817 1477 881 indole
1506 817 1646 901 praediti

500 922 716 1006 eloquentiam
739 921 944 1003 desperantes
967 918 1124 1003 fugitant.

585 1024 668 1106 Tibi,
693 1021 821 1104 Caesar,
845 1024 881 1084 ut
904 1021 955 1085 eui
977 1022 1126 1102 maxime,
1152 1021 1287 1084 sublime
1303 1024 1335 1085 et
1351 1022 1511 1085 excelsum
1528 1024 1560 1085 et
1581 1025 1655 1084 am-=

500 1126 643 1210 plifioum
671 1123 840 1208 ingenium
862 1123 902 1185 ab
925 1123 974 1185 dis
997 1122 1109 1186 datum
1131 1125 1190 1186 est.
1235 1121 1321 1186 Nam
1342 1123 1438 1206 primi
1461 1124 1510 1187 tui
1533 1145 1648 1186 sensus

501 1231 533 1291 et
554 1225 750 1291 incunabula
772 1224 950 1287 studiorum
971 1226 1101 1287 tuorum
1123 1224 1203 1287 mihi
1227 1223 1359 1308 cognita
1381 1228 1467 1288 suut.

585 1327 758 1392 Elueebat¹
783 1326 847 1388 iarn
875 1327 952 1388 tune
981 1325 1133 1388 nobilitas
1155 1325 1273 1389 mentis
1297 1327 1330 1388 et
1352 1325 1495 1410 dignitas
1518 1329 1649 1410 senten-

500 1430 634 1511 tiarum,
664 1427 874 1512 quibussola
904 1477 910 1490 .
937 1477 942 1488 .
969 1476 976 1489 .
1003 1427 1031 1489 .²
1054 1427 1187 1490 deerant
1214 1427 1384 1491 verborum
1413 1429 1573 1492 luminam
1610 1451 1651 1491 ea

501 1553 625 1614 quoque
649 1530 744 1594 variis
768 1527 1050 1592 exercitationibus
1073 1529 1321 1592 instruebamus.

585 1632 655 1696 Ibi³
677 1635 714 1695 tu
735 1631 814 1694 mihi
837 1631 943 1694 videre
965 1628 1068 1716 mor[a
1089 1632 1215 1714 tempor
1237 1629 1313 1716 lali⁴
1343 1634 1376 1694 et
1397 1631 1517 1695 laboris
1539 1632 1649 1695 taedio

502 1734 644 1797 defessus
671 1733 869 1816 eloquentiae
898 1732 1039 1795 studium
1060 1731 1241 1815 reliquisse,
1273 1732 1313 1795 ad
1334 1732 1573 1816 philosophiam
1596 1733 1648 1796 de-

502 1835 646 1916 vertisse,
670 1833 726 1897 ubi
748 1834 872 1903 nullum
894 1832 1114 1917 prohoemium
1130 1855 1202 1897 cum
1218 1855 1294 1896 cura
1310 1835 1535 1916 excolendum,
1559 1835 1651 1897 nulla

503 1935 646 2000 narratio
668 1935 807 1999 breviter
830 1938 862 1998 et
876 1934 1013 1998 dilucide
1029 1938 1062 1998 et
1077 1935 1191 1998 callide
1214 1935 1399 2017 collocata5,
1423 1935 1533 1999 nullae
1556 1958 1651 2019 quae-

504 2037 624 2101 stiones
647 2037 851 2120 partiendae,
883 2035 973 2098 nulla
995 2039 1187 2118 argumenta
1215 2040 1423 2119 quaerenda,
1442 2037 1526 2100 nihil
1555 2060 1652 2122 exag-

504 2139 1277 2223 gerandumb.................
1304 2188 1548 2202 ........
1558 2140 1650 2223 ll..

506 2291 513 2304 .
539 2291 546 2304 .
573 2291 580 2304 .
603 2240 753 2304 mutilum
775 2240 944 2322 perficere,
968 2238 1111 2302 hiulcum
1132 2239 1226 2302 fartis
1248 2240 1361 2324 iugare
1386 2290 1392 2303 .
1418 2290 1532 2304 .....
1570 2241 1652 2306 Con-

505 2342 625 2406 siliario
648 2341 724 2405 huic
745 2341 850 2424 magis
873 2341 974 2404 aetati
996 2363 1076 2423 opus
1104 2344 1154 2403 est
1176 2363 1271 2424 quam
1294 2341 1461 2406 auxiliario
1487 2393 1631 2406 .....
1641 2344 1652 2380 ⁷

469 2435 557 2506 ¹ma
582 2492 756 2506 ......
782 2443 1349 2526 cumea....eS...vigare
1375 2492 1652 2510 .........

507 2593 849 2607 ...........
861 2543 887 2628 qs
913 2593 918 2606 .
945 2595 951 2606 .
1002 2543 1120 2607 Nonne
1149 2543 1252 2606 omnis
1275 2547 1438 2607 oratorum
1466 2546 1575 2629 copias
1606 2568 1653 2610 se-

507 2644 672 2727 ctabare9,
696 2645 1071 2728 refutandisollertiam,
1102 2645 1241 2729 augendi
1263 2646 1468 2730 facultatem,
1504 2648 1653 2711 eludendi

505 2749 723 2830 venustatem,
759 2747 965 2830 permovendi
988 2747 1246 2830 delectandique,
1278 2748 1460 2812 deterrendi
1481 2749 1654 2813 incitandi·

507 2870 583 2931 que,
607 2849 753 2931 ornandi,
779 2848 982 2930 conciliandi,
1006 2848 1274 2931 inflammandi¹⁰,
1298 2849 1427 2913 laxandi
1452 2851 1654 2915 audientium

508 2949 641 3032 animos,
667 2953 723 3014 aut
746 2951 918 3032 alliciendi,
942 2954 1071 3043 rectam,
1087 2952 1248 3033 quandam
1265 2951 1299 3015 in
1316 2952 1450 3015 dicendo
1472 2954 1654 3036 potentiam

508 3074 544 3115 ac
566 3051 781 3135 potestatem?

593 3273 610 3308 a
628 3258 661 3308 In
685 3261 811 3323 1116191116.-
846 3246 982 3310 Elueebat
1010 3255 1040 3308 in
1069 3272 1155 3324 puero
1181 3255 1237 3309 iam
1264 3287 1297 3294 —
1324 3257 1424 3323 quibus
1451 3258 1512 3312 sola
1538 3259 1655 3313 deerant

508 3341 583 3394 verb.
603 3340 669 3393 lum.
728 3369 729 3372 =

593 3425 611 3476 b
631 3428 664 3476 In
682 3429 809 3492 marpine:
826 3423 1023 3477 Prohoemium
1043 3424 1156 3492 aliquod
1175 3427 1398 3494 excogitandum,
1416 3428 1541 3482 narratio
1554 3429 1654 3494 brevis,

508 3509 612 3574 lucida,
631 3507 744 3575 callida,
764 3507 941 3575 quaestiones
959 3509 1140 3578 partiendae,
1159 3512 1326 3579 argumenta
1345 3512 1516 3578 quaerenda,
1536 3530 1655 3582 exagge-

509 3593 635 3647 randum.

597 3769 609 3815 l
629 3761 709 3827 duod
726 3763 816 3816 Maius
836 3762 915 3817 addit
933 3771 957 3816 in
972 3783 1066 3831 puero,
1084 3765 1114 3818 in
1131 3766 1210 3819 textu
1228 3780 1284 3818 non
1302 3764 1414 3833 legitur.

595 3854 610 3900 2
629 3845 767 3911 Quattuor
789 3846 898 3901 litteras
915 3847 1005 3902 Maius
1023 3866 1137 3918 prorsus
1160 3848 1265 3916 omisit,
1288 3868 1455 3919 neque.ego
1477 3853 1558 3921 potui
1576 3871 1657 3923 expe-

512 3932 583 3986 dire:
604 3932 698 3985 TUIU.
735 3931 846 3985 Amicus
865 3932 967 3987 diserte
986 3934 1105 3988 adnotat
1121 3949 1177 3987 non
1195 3951 1255 3988 esse
1274 3945 1341 3989 tune.

595 4024 610 4072 3
628 4016 747 4084 Reliqua
764 4015 793 4069 in
810 4017 863 4071 hac
880 4018 985 4087 pagina
1002 4019 1048 4072 vix
1066 4020 1213 4088 apparent.

597 4108 612 4155 4
629 4102 674 4155 An
691 4100 763 4155 forte
786 4121 878 4156 morem
895 4108 1006 4157 imitatus
1022 4108 1126 4157 saeculi.
1162 4108 1338 4172 Heindorfius.

596 4193 611 4241 5
629 4188 659 4240 L.
679 4192 836 4241 collocando.
874 4192 1032 4242 Niebuhrius.

596 4278 611 4325 6
629 4271 731 4340 Incipit
749 4271 815 4326 Cod.
835 4291 862 4341 p.
876 4278 938 4337 3783
956 4273 1076 4326 intexta
1088 4274 1172 4327 hodie
1190 4274 1259 4327 nihil
1277 4275 1465 4343 distinguitur,
1483 4277 1573 4330 Maius
1589 4279 1659 4331 vidit

512 4357 634 4424 quinque
652 4357 746 4410 verba.
784 4354 1017 4425 Sententiaxquae
1035 4357 1161 4424 sequitur
1178 4359 1280 4427 legitur
1297 4361 1326 4413 in
1343 4361 1479 4428 margine.

597 4447 611 4495 7
630 4442 661 4493 In
679 4440 735 4494 imo
756 4442 891 4509 margine.

597 4523 731 4593 8Incipit
749 4524 814 4579 Cod.
838 4544 865 4594 p.
885 4532 943 4580 377.

597 4616 612 4663 9
631 4608 736 4663 Codex:
755 4621 893 4665 arctavere.
931 4609 1058 4664 Correxit
1075 4610 1250 4666 Niebuhrius.

581 4702 613 4747 10
631 4693 735 4748 Codex:
758 4699 907 4762 infamandi.
944 4693 1070 4749 Correxit
1087 4694 1263 4751 Niebuhrius.
