4142 5659
528 675 591 738 206
875 670 912 722 M.
928 669 1105 723 CORNELII
1123 668 1331 722 FRONTONIS

619 842 718 904 Lucio
741 840 860 903 milites
884 844 940 904 aut
962 840 1081 904 dilectu
1104 861 1187 903 novo
1212 840 1351 902 tirones¹
1376 840 1523 904 sumendi
1544 840 1677 904 fuerunt

529 945 601 1007 aut²
627 994 634 1006 .
661 993 667 1006 .
694 993 700 1005 .
727 992 733 1005 .
760 946 792 1006 et
815 941 903 1005 molli
925 942 1042 1005 militia
1066 942 1218 1025 corrupti.

612 1044 760 1127 Namque
782 1047 855 1127 post
881 1094 887 1106 .
914 1093 920 1105 .
946 1043 1079 1107 3111111.
1110 1042 1278 1105 Hadriano
1300 1043 1447 1128 principe
1469 1044 1626 1128 regundis
1649 1048 1680 1107 et

531 1147 670 1210 facunde
687 1144 886 1229 appellandis
902 1145 1095 1208 exercitibus
1111 1145 1176 1207 suis
1191 1145 1331 1228 inpigro,
1348 1145 1403 1208 sed
1419 1167 1554 1208 asumm
1567 1195 1681 1210 .......

448 1234 453 1237 ’
479 1267 484 1274 ’
528 1247 692 1311 bellorum.
727 1246 955 1310 Η11111111384
978 1246 1160 1329 provincias
1183 1267 1281 1309 manu
1297 1244 1427 1309 Traiani
1453 1250 1566 1330 captas
1590 1248 1681 1310 omit

527 1353 594 1413 1111
616 1348 740 1429 maluit,
764 1370 860 1431 quam
883 1348 1025 1411 exercitu
1047 1347 1237 1410 retinerem
1373 1425 1377 1430 ι

611 1450 690 1513 Eius
712 1450 865 1512 itinerum
887 1452 1095 1512 monumenta
1117 1449 1224 1512 videas
1247 1471 1304 1531 per
1326 1449 1481 1533 plurimas
1505 1452 1605 1515 Asiae
1629 1455 1673 1514 11-
1733 1511 1745 1522 ,

528 1573 588 1635 que
609 1551 757 1634 Europae
780 1551 884 1632 urbes,
909 1555 942 1613 et
963 1572 1077 1635 regum
1102 1601 1108 1612 .
1136 1601 1142 1613 .
1169 1601 1175 1612 .
1202 1551 1393 1633 ..exercitus
1418 1602 1424 1612 .
1451 1602 1458 1613 .
1483 1573 1578 1615 suum
1603 1603 1609 1615 .
1637 1603 1643 1613 .
1669 1602 1676 1614 .

527 1653 687 1716 neminem
710 1674 862 1734 umquam
883 1655 957 1734 post
978 1651 1059 1714 vidit
1073 1649 1227 1739 nem[ine]
1252 1652 1443 1734 apstinendo
1458 1654 1515 1715 uni
1532 1654 1675 1716 omniurn

528 1753 745 1817 Romanorum
767 1753 950 1836 principum
979 1752 1104 1815 Numae
1131 1753 1201 1836 regi
1232 1753 1507 1837 aequiperandusl
1533 1804 1673 1817 .....

530 1904 670 1917 .....
679 1855 857 1937 cl⁷pertum
883 1857 933 1917 131
960 1854 1000 1917 da
1025 1904 1031 1916 .
1059 1904 1066 1915 .
1091 1853 1142 1916 his
1170 1876 1232 1917 rem
1260 1854 1423 1937 publicam
1452 1855 1514 1918 sibi
1543 1855 1677 1919 admini-

485 1955 487 1958 ’
531 1957 695 2018 strandum
721 2006 727 2018 .
755 2006 761 2018 .
786 1956 829 2019 sis
859 1979 877 2018 a
906 1956 1011 2038 petria
1035 2006 1042 2018 .
1069 1946 1174 2019 ,111-
1188 1955 1264 2018 belli
1292 1956 1442 2020 adversus
1464 1955 1604 2020 Parthos
1631 1959 1677 2020 in-

528 2057 694 2120 staurandi
730 2056 866 2143 [auc]t0r
900 2105 906 2118 .
934 2107 940 2118 .
966 2058 978 2095 ⁸
1008 2107 1014 2120 .
1042 2107 1049 2119 .
1078 2057 1125 2121 ita
1158 2057 1257 2141 longa
1294 2056 1501 2121 desuetudine
1536 2058 1676 2121 bellandi

527 2158 618 2222 miles
648 2157 812 2222 Romanus
846 2159 885 2221 ad
913 2159 1078 2242 ignaviam
1106 2159 1263 2222 redactus.
1312 2158 1397 2221 Nam
1426 2181 1499 2221 cum
1527 2160 1675 2222 omnibus

528 2260 651 2322 artibus
672 2263 742 2323 tum
764 2260 935 2343 praecipue
958 2260 1005 2322 rei
1028 2258 1161 2322 militari
1184 2259 1304 2323 desidia
1326 2260 1423 2322 noxia
1445 2260 1527 2323 est‘l.
1553 2259 1642 2324 Per.
1667 2311 1673 2323 .

527 2365 576 2423 est
600 2412 606 2423 .
633 2411 640 2424 .
665 2362 803 2445 experiri
826 2365 859 2445 et
883 2411 890 2424 .
919 2412 925 2423 .
950 2360 1075 2424 milites
1091 2361 1125 2422 in
1149 2382 1262 2443 campo
1285 2382 1441 2424 exercere.

613 2461 850 2545 Corruptissimi
881 2483 956 2525 vero
985 2462 1128 2525 omnium
1156 2461 1304 2544 Syriatici
1334 2462 1481 2544 militese,
1518 2461 1672 2545 seditiosi,

528 2564 852 2646 contumacessapud
874 2564 969 2647 signa
990 2563 1222 2646 infrequentes,
1250 2615 1256 2625 .
1283 2614 1289 2625 .
1314 2564 1484 2646 praesidiis
1506 2564 1583 2648 vagi
1614 2615 1672 2628 ...

527 2686 564 2725 11
597 2664 744 2746 palantes
778 2665 817 2727 de
849 2664 981 2727 meridie
1007 2715 1012 2726 .
1040 2664 1069 2726 .⁹
1092 2662 1276 2747 temulenti3
1309 2686 1350 2728 ne
1388 2669 1513 2729 armatu
1548 2667 1673 2750 quidem

526 2764 713 2827 sustinendo
743 2764 882 2846 adsueti,
913 2765 967 2827 scd
990 2765 1185 2848 inpatientia
1213 2766 1333 2829 laboris
1362 2767 1459 2829 armis
1482 2766 1673 2850 singillatim

609 2967 626 3002 1
645 2954 678 3002 In
695 2957 820 3019 margine:
839 2950 880 3005 De
898 2951 1042 3005 Hadriano
1060 2951 1130 3020 Imp.

610 3034 628 3085 b
646 3038 680 3087 In
698 3043 821 3103 marpine:
840 3035 1047 3088 Hadrianus-
1065 3034 1193 3089 retinere.
1237 3063 1239 3068 ·

610 3135 624 3170 1
642 3123 675 3171 In
693 3128 817 3188 margine:
842 3118 935 3182 Qualis
953 3119 1110 3172 Antoninus
1127 3119 1220 3172 fuerit.
1310 3122 1313 3125 ’

609 3203 627 3255 d
645 3207 679 3256 In
696 3211 821 3272 margine:
840 3209 939 3272 Longa
957 3203 1138 3258 desuetudine
1156 3234 1189 3241 -
1207 3204 1290 3257 noxia
1309 3207 1357 3257 est.

609 3304 623 3340 e
643 3292 676 3340 In
694 3295 820 3356 uzarpine:
839 3287 1014 3356 Vituperatio
1034 3286 1163 3355 Syriatici
1182 3288 1319 3341 exercitus
1339 3288 1469 3358 corrupti.

523 3458 574 3509 pro
593 3447 711 3509 cuiusque
730 3440 869 3508 dignitate
888 3441 1019 3504 ornabat,
1044 3441 1074 3492 ut
1098 3458 1178 3492 suum
1195 3441 1333 3493 nonnullis
1356 3440 1512 3509 praemium
1531 3447 1671 3510 triumphus

524 3524 672 3578 videretur.
708 3524 791 3578 Lucio
811 3526 863 3578 cet.

610 3615 622 3660 1
641 3609 702 3661 Duo
721 3609 857 3662 vocabula
874 3608 963 3662 Maius
975 3609 1148 3678 supplevisse
1161 3609 1279 3675 videtur,
1298 3610 1347 3663 sed
1359 3626 1416 3663 non
1428 3609 1497 3663 satis
1516 3612 1561 3663 est
1578 3610 1668 3680 spatii.

607 3698 622 3743 2
642 3690 745 3760 Supple
764 3692 832 3746 duos
853 3684 955 3747 veisus.

608 3774 710 3828 3Tres
731 3793 825 3830 versus
847 3778 954 3831 incerti.
992 3777 1110 3847 Supplet
1135 3778 1324 3832 Heindorfius:
1355 3783 1469 3846 Namque
1490 3791 1551 3847 port
1574 3780 1669 3834 Traia-

522 3877 588 3912 num
607 3859 719 3912 evanuit
736 3861 937 3929 propemodum
957 3862 1072 3928 antiqua
1089 3863 1208 3916 militum
1225 3863 1324 3929 virtus,
1342 3868 1482 3916 Hadriano
1500 3893 1533 3903 —
1551 3870 1669 3932 impipro,

521 3949 570 3996 sed
591 3964 607 3996 α
624 3964 717 3998 summo
740 3956 822 3998 tornea
844 3949 962 3999 bellorum
989 3945 1210 4000 administranda
1236 3947 1335 4000 alieno,
1372 3945 1481 4016 Quippe
1508 3947 1667 4002 Hadrianus

521 4028 645 4097 provinc.

519 4137 520 4141 ¹
605 4121 622 4167 4
638 4113 728 4167 Maius
747 4114 912 4167 vocabulum
930 4116 1066 4169 adsumsit
1084 4133 1099 4169 e
1117 4115 1252 4184 margine,
1271 4133 1336 4169 narn
1355 4104 1478 4184 spatium
1495 4131 1552 4169 non
1571 4120 1621 4188 est.

607 4205 622 4252 5
641 4198 805 4268 Spartianus
823 4199 852 4251 in
869 4200 954 4254 Hadr.
973 4201 1020 4254 vit.
1042 4218 1063 4253 c.
1084 4207 1108 4254 5.
1133 4201 1250 4268 August.
1270 4199 1305 4254 de
1324 4199 1380 4253 civ.
1399 4199 1433 4252 D.
1446 4199 1494 4253 IV.
1508 4207 1549 4254 29.
1571 4205 1665 4258 Maius.

606 4288 621 4335 6
638 4283 808 4337 Frontonem
824 4283 951 4337 imitatur
969 4283 1117 4353 Capitolin.
1136 4283 1166 4336 in
1183 4284 1232 4336 Pio
1251 4301 1272 4336 c.
1293 4284 1341 4336 ult.
1354 4287 1456 4352 «Maius.

607 4374 621 4420 7
640 4366 770 4436 Sequitur
792 4367 858 4421 uod.
877 4386 904 4435 p.
923 4374 973 4422 258
992 4368 1118 4422 obscura.

605 4457 621 4505 8
640 4450 743 4520 Supple
763 4451 908 4504 dimidium
926 4468 1044 4505 versum.
1076 4457 1169 4507 Maius.

605 4543 620 4590 9
639 4536 671 4589 In
688 4536 731 4589 his
749 4536 855 4590 lacunis
873 4554 962 4605 pauca
979 4537 1067 4591 verba
1084 4538 1234 4606 perierunt.
1260 4538 1448 4592 Heindorfius:
1466 4538 1510 4590 An
1528 4539 1614 4591 forte:
1632 4554 1664 4590 ex

521 4620 639 4675 castellis
658 4620 743 4674 etiam
766 4628 795 4674 et
815 4627 955 4689 praesidiis
972 4629 1030 4690 oapi
1047 4622 1105 4675 sine
1124 4624 1280 4675 commeatu
1299 4643 1331 4676 ae
1346 4628 1475 4690 palantes.
1512 4623 1583 4675 Turn
1602 4622 1663 4675 Nie-

520 4705 647 4758 lmlrrius:
667 4711 698 4760 de
716 4711 822 4760 meridie
839 4707 1015 4761 somniculosi
1032 4724 1065 4761 ac
1084 4714 1217 4760 terurrlenti.
