4142 5659
532 647 574 712 58
743 646 779 699 Μ.
794 644 964 699 CORNELII
982 644 1191 700 ERONTONIS
1209 645 1467 707 EPISTULARUM

744 901 888 966 LIBRI
916 901 999 966 IIII
1027 901 1094 965 AD
1123 901 1167 965 M.
1192 901 1468 968 CAESAREM

1034 1053 1172 1107 INDEX.

532 1173 668 1238 Quoniam
682 1175 743 1241 sci0
763 1174 867 1242 quanto
887 1190 971 1242 opere
986 1173 1023 1226 sis
1042 1192 1088 1228 an·
1118 1173 1244 1226 Tandem
1261 1173 1424 1227 tabellarius
1442 1175 1634 1242 proficiscitur.

565 1259 633 1312 xius.
1117 1258 1275 1312 Adventum
1292 1260 1371 1311 tuum
1388 1259 1457 1311 mihi
1474 1260 1569 1313 frater.

532 1343 706 1411 Quamquam
725 1344 761 1398 ad
778 1344 807 1397 te
826 1361 887 1397 cras
905 1343 995 1398 venio.
1117 1343 1194 1397 Haec
1211 1361 1256 1396 me
1273 1343 1302 1396 in
1320 1343 1489 1412 praesentia.

533 1428 662 1482 Omnium
680 1428 790 1494 artium,
808 1431 840 1481 ut
859 1444 911 1497 ego
931 1430 1062 1484 arbitror.
1118 1427 1283 1481 Volentibus
1299 1427 1344 1508 plis
1363 1447 1441 1497 spem
1460 1429 1565 1482 salutis.

531 1513 684 1581 Postquam
702 1512 859 1566 vehiculum
875 1512 1009 1567 inscendi.
1117 1513 1155 1565 Ut
1173 1529 1235 1580 eg0,
1254 1512 1292 1565 dii
1310 1513 1384 1580 boni,
1404 1514 1608 1568 consternatus.

531 1597 589 1681 Nos
607 1598 739 1651 valemus.
767 1598 828 1665 Ego
846 1597 929 1650 hodie
948 1598 984 1651 ab
999 1597 1077 1652 hora.
1118 1596 1146 1650 C.
1160 1597 1284 1651 Aufidius
1303 1597 1410 1652 animos
1428 1598 1523 1652 tollit¹

531 1681 589 1736 Nos
607 1683 740 1737 valemus.
768 1682 829 1750 Ego
848 1681 1031 1751 aliquantum.
1509 1677 1514 1688 ’

1001 1873 1204 1880 ——-——-——-

748 2055 817 2141 (M.
841 2061 1113 2144 CORNELII
1140 2061 1462 2143 FRONTONIS

555 2230 892 2337 EPISTULARUM
919 2232 984 2303 AD
1011 2233 1060 2305 M.
1082 2230 1336 2303 CAESAREM
1351 2233 1423 2304 -ET
1450 2233 1653 2305 INVICEM

580 2362 583 2381 ‘⁸
860 2494 863 2500 .
938 2397 1126 2461 urnae
1163 2397 1271 2484 ΗΠ.)

896 2619 927 2683 Ι.
961 2619 1112 2705 (Fronto
1137 2619 1310 2703 Caesari).

617 2753 786 2842 [Quoniam
808 2755 874 2818 scio
896 2759 1017 2838 quanto
1040 2777 1135 2839 opere
1158 2756 1201 2819 sis
1225 2755 1351 2844 anxius]
1378 2806 1649 2822 ...........
1664 2760 1677 2798 ²

530 2861 562 2922 et
585 2857 749 2921 columbae
773 2879 845 2920 cum
866 2857 951 2941 lupis
980 2860 1012 2921 et
1035 2857 1149 2941 aquilis
1173 2861 1362 2922 cantantem
1390 2851 1677 2942 sequebantur'iu-

528 2981 684 3023 memores
706 2959 896 3023 insidiarum
923 2964 955 3023 et
983 2959 1162 3045 unguium³
1190 2963 1223 3022 et
1250 2960 1405 3023 dentium.
1450 2948 1547 3036 Quae
1565 2962 1677 3027 fabula

528 3064 615 3126 recte
636 3061 946 3145 interpraetantibus
969 3046 1048 3125 illud
1070 3061 1216 3145 profecto
1239 3061 1404 3146 significat
1425 3062 1525 3127 fuisse
1544 3066 1677 3149 egregio

527 3164 660 3250 ingenio
689 3164 866 3247 eximiaque
900 3163 1082 3247 eloquentia
1104 3164 1218 3247 virum,
1253 3163 1308 3247 qui
1337 3164 1492 3248 plurimos
1519 3165 1677 3230 virtutum

529 3289 659 3330 suarum
680 3265 912 3349 facundiaeque
934 3265 1144 3328 admiratione
1167 3266 1380 3348 devincnerit3
1405 3288 1539 3351 eumque
1557 3268 1676 3332 amicos

529 3392 566 3433 ac
589 3370 762 3432 sectatores
785 3389 858 3430 suos
881 3367 928 3431 ita
949 3367 1140 3449 instituisse,
1169 3370 1207 3430 ut
1235 3389 1428 3452 quamquam
1456 3368 1589 3432 diversis
1619 3393 1675 3433 na-

527 3471 670 3535 tionibus
694 3490 854 3533 convenae
876 3469 973 3531 variis
989 3468 1130 3532 moribus
1148 3469 1264 3552 inbuti,
1290 3470 1543 3533 concordarenta
1565 3475 1676 3535 tamen

528 3576 561 3637 et
590 3573 837 3635 consuescerent
868 3572 900 3633 et
933 3573 1226 3654 congregarentur,
1265 3571 1359 3634 mites
1394 3593 1466 3634 cum
1502 3572 1674 3655 ferocibus,

526 3673 652 3758 placidi·
670 3692 742 3735 cum
762 3671 928 3753 violentiS,
957 3692 1053 3755 quom
1076 3673 1220 3763 superbis
1243 3672 1410 3756 moderati,
1441 3695 1513 3736 cum
1542 3668 1675 3738 crudeli-

528 3777 586 3839 bus
615 3773 735 3837 timidi:
769 3794 879 3836 omnes
914 3773 1048 3836 deinde⁴
1082 3773 1240 3858 paulatim
1273 3774 1352 3838 vitia
1379 3775 1479 3838 insita
1508 3778 1673 3859 exuerent,

612 3996 630 4032 a
648 3982 680 4031 In
697 3983 810 4046 morpe'ne
827 3996 934 4031 sunzmae
950 3997 1012 4047 pop.
1031 3997 1099 4049 sep:
1130 3978 1256 4047 Orpheus
1281 3993 1417 4032 convenas
1444 3978 1526 4033 variis
1549 3979 1674 4035 moribus

526 4063 639 4119 inbutos
659 4063 827 4118 concordare
845 4062 919 4117 fecit.

612 4293 625 4339 l
645 4285 776 4356 Sequitur
798 4285 827 4338 in
850 4284 955 4355 pagina
979 4286 1101 4354 spatium
1122 4302 1253 4352 vacuum,
1283 4285 1356 4340 unde
1383 4286 1493 4340 constat
1518 4253 1675 4354 perfectum

526 4389 586 4429 csse
604 4371 726 4426 indicem
745 4370 928 4439 epistularum
946 4369 1027 4423 huius
1045 4369 1117 4423 libri.

610 4456 846 4510 2Desiderantur
867 4455 988 4524 paginae
1012 4454 1091 4509 duae.
1128 4455 1229 4525 Incipit
1247 4455 1313 4510 Cod.
1332 4455 1459 4510 Vaticau.
1479 4475 1506 4525 p.
1519 4462 1577 4524 228,
1600 4457 1675 4512 lectu

526 4541 749 4681 dlffieliisCodex:
769 4621 911 4695 unpuirum,
928 4624 977 4679 sed
994 4645 1009 4678 r
1027 4624 1138 4680 videtur
1156 4627 1302 4695 expuncta.

610 4717 626 4765 4
645 4709 711 4765 Cod.
731 4728 772 4780 pr.
792 4727 828 4764 m.
849 4715 916 4764 dein.
