4142 5659
410 668 470 732 130
619 666 655 722 M.
675 667 846 722 CORNELII
862 667 1071 723 PRONTONIS
1089 668 1347 724 EPISTULARUM

407 837 560 901 Fiduciae'
580 839 697 901 amoris
718 840 914 923 ignoscitol,
938 840 965 903 si
994 840 1101 924 piguit
1123 841 1257 909 consilia
1279 863 1329 904 me
1352 843 1561 926 singularum

406 962 512 1004 rerum
534 941 671 1004 forsitan
694 941 729 1005 in
746 941 812 1004 dies
827 942 983 1004 mutanda
998 942 1058 1004 sub
1073 943 1197 1005 incerto
1220 942 1324 1006 adhuc
1347 945 1435 1013 exitu
1448 945 1560 1008 *dubia

407 1042 642 1106 existimatione
675 1042 883 1124 perscribere.
930 1041 1068 1107 Causam
1096 1065 1213 1126 quaeso
1241 1047 1309 1107 tam
1342 1045 1446 1109 iustae
1479 1067 1560 1109 cun·
1649 1100 1656 1113 .

407 1144 557 1207 ctationis
581 1143 730 1226 accipias.
763 1143 827 1208 Cur
846 1143 948 1228 igItur
968 1145 1040 1208 aliis
1062 1167 1158 1227 quam
1178 1145 1239 1209 tibi
1255 1146 1405 1228 saepius?
1427 1150 1464 1210 ut
1485 1147 1561 1210 bre-

405 1247 488 1309 viter
511 1245 689 1308 absolvam:
712 1247 864 1328 quoniam
886 1246 1028 1329 quidem,
1048 1246 1181 1336 nisiita
1191 1245 1346 1331 facerem,
1370 1247 1419 1310 illi
1439 1249 1562 1312 irasce-

405 1350 527 1430 rentur,
551 1347 608 1409 tu²
623 1347 821 1430 ignoscerem
843 1347 892 1410 illi
906 1350 1063 1429 tacerent,
1080 1351 1117 1410 tu
1132 1347 1311 1431 flagitarem
1332 1348 1397 1411 illis
1412 1349 1560 1413 officium

405 1448 511 1512 officio
539 1449 767 1532 repensabam,
802 1449 863 1512 tibi
892 1455 1032 1511 amorem
1061 1470 1119 1530 pro
1148 1469 1255 1511 amore
1283 1449 1448 1514 debeaml.
1501 1452 1559 1514 An

404 1550 501 1613 velles
524 1550 564 1612 ad
586 1553 618 1613 te
641 1572 765 1634 quoque
787 1573 838 1614 me
860 1548 986 1612 litteras
1000 1550 1149 1632 invitum,
1174 1554 1372 1632 querentem,
1396 1551 1559 1615 festinan-

404 1654 486 1733 tem,
516 1652 591 1734 quia
619 1673 750 1715 necesse
779 1655 849 1715 erat
875 1651 982 1734 potius
1010 1673 1107 1734 quam
1134 1653 1209 1734 quia
1231 1652 1370 1734 libebat,
1401 1653 1559 1716 darem4?
1591 1730 1594 1734 ¹

405 1752 469 1816 Cur
491 1755 608 1834 autem,
632 1753 768 1836 inquieS,
792 1775 859 1816 non
881 1751 1027 1817 libebat?
1057 1749 1139 1827 Quia
1155 1775 1260 1837 neque
1283 1754 1359 1816 dum
1381 1755 1559 1837 quicquam

404 1854 558 1918 eiusmodi
588 1853 736 1917 effectum
764 1858 849 1936 erat,
885 1857 921 1917 ut
948 1857 981 1917 te
1008 1854 1135 1917 luberet
1163 1855 1203 1917 ad
1231 1855 1343 1938 gaudii
1366 1856 1559 1918 societatem

403 1977 528 2018 vocare.
575 1954 730 2019 Curarum
752 1977 843 2037 vero,
874 1977 955 2037 quae
978 1977 1029 2018 me
1052 1955 1119 2018 dies
1141 1958 1316 2038 noctesque
1338 1957 1558 2020 miserrimum

403 2057 554 2140 habuere,
579 2059 612 2119 et
626 2078 725 2139 prope
741 2058 800 2120 ad⁵
816 2056 1073 2139 desperationem
1088 2078 1230 2119 summae
1246 2058 1293 2119 rei
1309 2058 1373 2140 per}
1383 2058 1522 2121 ⁶duxere
1530 2059 1555 2139 ⁷,

350 2178 351 2181 ’
402 2158 510 2222 facere
533 2159 725 2242 participem
747 2158 910 2223 hominem
934 2157 1144 2240 carissimum,
1169 2162 1202 2221 et
1224 2180 1318 2240 quem
1341 2181 1468 2242 semper
1489 2159 1556 2222 lae-

402 2263 472 2324 tum
495 2282 563 2323 esse
587 2281 745 2342 cuperem,
768 2259 873 2323 fateor
895 2281 960 2323 non
983 2258 1127 2323 lubebat.
1163 2257 1232 2322 Nec
1255 2260 1341 2322 enim
1364 2261 1443 2324 illud
1466 2261 1556 2324 lube-

402 2361 460 2424 bat
488 2361 572 2424 aliud
602 2361 743 2443 dolere8,
773 2361 861 2424 aliud
888 2360 985 2443 loqui.
1031 2359 1190 2424 Simulare
1218 2361 1555 2446 Luciumssquioquam

404 2463 554 2525 adversus
582 2461 794 2544 Frontonem,
832 2483 850 2523 a
877 2483 939 2544 quo
968 2481 1029 2544 ego
1056 2463 1145 2545 prius
1173 2462 1275 2525 multo
1311 2463 1552 2546 simplieitatem

403 2564 594 2646 verumque⁹
623 2584 763 2625 amorem
797 2585 893 2646 quam
925 2562 1077 2646 loquendi
1110 2562 1209 2645 polite
1238 2548 1443 2647 disciplinam
1472 2565 1553 2627 didi-

404 2665 484 2728 cisse
506 2686 557 2727 me
584 2665 750 2747 praedico!
795 2663 954 2747 Equidem
976 2667 1072 2746 pacto
1094 2686 1233 2747 quoque,
1265 2665 1349 2747 quod
1378 2665 1466 2729 inter
1494 2688 1554 2729 101

402 2765 593 2849 iampridem
614 2765 807 2847 intercessit,
832 2765 911 2828 satis
925 2787 983 2827 ,1111
1000 2766 1040 2828 ad
1055 2765 1184 2828 veniam
1198 2766 1437 2849 impetrandam
1459 2789 1553 2850 para·
1661 2815 1666 2822 .

392 2867 504 2929 tum¹⁰
521 2888 589 2930 1111
604 2867 752 2930 arbitror.
785 2866 973 2949 Denique¹¹,
998 2887 1191 2950 quamquam
1213 2866 1294 2929 mihi
1315 2866 1484 2931 lacessitus
1501 2869 1553 2932 a¹²

401 2989 452 3031 me
475 2968 601 3051 saepius
623 2991 799 3051 numquam
821 2972 931 3031 tamen
957 2968 1192 3050 rescripsisses,
1223 2967 1370 3031 dolebam
1392 2970 1551 3052 hercules,

305 3085 314 3096 ·
402 3070 457 3133 sed
472 3069 593 3151 pacti¹³
614 3071 767 3134 memoria
789 3091 856 3134 non
879 3070 1115 3134 suscensebam.
1147 3069 1312 3132 Postremo
1335 3069 1413 3152 quid
1434 3070 1552 3153 plura?

400 3193 442 3234 ne
469 3171 575 3253 potius
598 3168 769 3235 defendere
797 3193 848 3235 me
871 3193 967 3254 quam
995 3191 1088 3234 orare
1115 3174 1149 3233 te
1170 3171 1296 3234 videar:
1325 3171 1474 3253 peccavi,
1504 3173 1552 3234 fa-

400 3276 486 3355 11011
510 3273 660 3336 adversus
683 3295 778 3357 quem
800 3273 932 3336 minime
955 3274 1077 3336 decuit:
1101 3271 1247 3336 etiamid
1268 3272 1382 3335 fateor.
1430 3271 1493 3336 Sed
1515 3277 1552 3337 tu

401 3374 512 3437 melior
535 3377 612 3437 esto.
659 3373 744 3437 Satis
767 3392 944 3456 poenarum
966 3373 1028 3457 lui,
1059 3374 1199 3457 primum
1226 3373 1261 3437 in
1290 3394 1327 3436 eo
1349 3374 1437 3456 ipso,
1468 3375 1552 3456 quod

404 3581 606 3590 -—-—---

488 3701 500 3746 1
521 3692 587 3747 Cod.
607 3711 648 3761 pr.
670 3711 705 3746 m.
724 3700 859 3763 ipnosprto.

486 3785 501 3830 2
521 3776 587 3831 Cod.
604 3796 646 3846 pr.
664 3796 700 3831 m.
719 3790 753 3831 ul.

486 3869 501 3914 3
520 3865 646 3915 Debebunt
664 3862 871 3917 rescribendum
890 3867 938 3917 aut
957 3868 1045 3918 debeo.
1081 3868 1257 3930 lleindorfius.
1294 3863 1365 3917 Illud
1384 3863 1496 3918 rectius

485 3946 563 3999 4Ita
582 3945 682 4001 Codex.

485 4030 579 4085 50m.
599 4031 695 4085 Maius.

485 4121 500 4168 6
517 4114 620 4184 Incipit
639 4115 705 4168 Cod.
724 4134 752 4185 p.
770 4122 828 4170 421.
996 4185 999 4189 ,

485 4206 499 4253 7
517 4199 607 4253 Maius
625 4201 733 4255 confert
751 4200 840 4270 Capit.
858 4202 887 4254 in
905 4201 979 4254 Vero
998 4219 1020 4255 o.
1038 4209 1062 4255 6.

485 4290 500 4338 8
520 4283 586 4337 Cod.
605 4301 647 4353 pr.
667 4303 703 4351 m.
724 4291 820 4339 dolore.

484 4376 499 4422 9
517 4369 546 4422 L.
567 4375 678 4438 verique.
717 4374 891 4438 Heindorlias.

469 4461 500 4506 10
518 4452 584 4506 Cod.
605 4471 647 4522 pr.
665 4472 702 4508 m.
719 4467 847 4522 paralum.

468 4545 497 4590 11
515 4538 594 4591 Idem
611 4538 639 4592 h.
657 4539 675 4590 l.
698 4539 772 4606 quod
790 4548 886 4602 saltem,
905 4551 983 4594 certe.
1011 4545 1187 4608 Her'ndorfius.

469 4628 499 4675 12
517 4621 589 4675 Add.
609 4640 663 4680 seo.
682 4642 719 4677 m.

468 4711 498 4760 13
517 4704 622 4758 Codex:
644 4708 719 4775 saeb'.
