4142 5659
526 673 586 736 194
729 670 765 723 M.
786 669 955 723 CORNELII
971 669 1178 723 FRONTONIS
1200 669 1455 724 EPISTULARUM

490 914 492 919 ι
523 842 674 926 draginta
690 863 791 905 annos
807 842 890 904 sitne
906 841 1043 922 decurio,
1057 841 1111 924 qui
1127 841 1232 905 scriba
1244 842 1353 924 fuerit,
1377 842 1549 925 pecuniam
1565 841 1606 904 ob
1619 841 1670 904 de-

525 932 725 1007 curionatum
746 942 903 1023 intulerit,
929 943 1093 1006 commoda
1116 944 1341 1007 decurionatus
1362 945 1577 1026 usurpaverit,
1602 965 1670 1004 rnu-

522 1045 578 1108 nia
599 1044 772 1108 functus¹‘?
815 1043 860 1107 Et
881 1044 1044 1127 quid-est,
1074 1045 1119 1107 mi
1141 1045 1204 1126 fili,
1235 1046 1311 1129 quid
1333 1046 1488 1128 estquod
1511 1047 1576 1107 ista
1598 1065 1670 1126 pro-

522 1146 593 1209 bari
615 1146 675 1209 tibi
697 1146 823 1228 plenius
846 1144 948 1208 velis?
990 1143 1148 1219 Quoniam
1171 1146 1271 1229 quae²
1295 1195 1668 1209 ............

525 1401 531 1412 ,
557 1400 563 1412 .
589 1349 631 1432 .l³
656 1400 662 1412 .
689 1401 695 1412 .
722 1351 808 1431 ‚dis‚
833 1349 1004 1431 pecuniam
1025 1349 1187 1430 intulerit,
1212 1350 1323 1411 munia
1345 1348 1468 1412 feccrit.
1505 1349 1584 1413 Post
1606 1349 1670 1412 ista

523 1452 606 1514 ultro
629 1451 772 1534 citroque
788 1473 805 1512 a
821 1471 871 1512 me
889 1454 1002 1534 rogata
1025 1453 1121 1533 atque
1143 1473 1307 1533 responsa,
1331 1472 1439 1513 noune
1457 1452 1556 1513 etiam
1578 1471 1669 1534 prae-

520 1553 672 1616 iudicium
697 1602 866 1615 ......
875 1557 887 1591 ⁴
917 1551 1041 1613 delatus
1070 1556 1120 1615 est
1141 1551 1333 1615 Volumnius
1361 1553 1450 1634 quasi
1479 1553 1515 1615 in
1546 1553 1669 1615 curiam

520 1655 728 1738 inrumperet,
754 1675 825 1716 cum
848 1653 969 1715 eiius⁵
982 1638 1200 1716 introeundae
1211 1653 1317 1716 curiae
1333 1674 1398 1716 non
1423 1656 1508 1716 esset
1530 1657 1568 1716 ut
1589 1651 1669 1715 rele-

520 1760 597 1840 gato
605 1755 627 1837 l,
657 1756 740 1839 quod
771 1776 875 1837 neque
899 1755 974 1816 ante
998 1754 1127 1816 exilium
1150 1776 1209 1837 pro
1232 1754 1441 1817 decurionatu
1464 1776 1593 1817 omnem
1616 1775 1669 1837 pe-

522 1857 650 1920 cuniam
671 1878 774 1938 neque
797 1854 896 1917 ullam
917 1855 1078 1936 posterius
1100 1855 1273 1918 intulisset.
1312 1854 1399 1929 thiae
1423 1877 1495 1918 cum
1518 1854 1669 1938 longissi-

520 1960 580 2021 mis
612 1957 809 2040 temporibus
837 1956 945 2019 forent
967 1960 1133 2038 perorata,
1167 1955 1287 2019 Lollius
1310 1956 1466 2020 Urbicus⁷
1492 1978 1589 2018 causa
1619 1957 1668 2019 in-

521 2063 631 2143 specta
652 2058 735 2122 nihil
758 2058 908 2121 adversus
929 2055 1139 2119 Volumnium
1163 2058 1293 2139 statuit3
1322 2057 1376 2120 sed
1398 2057 1468 2121 loco
1494 2107 1666 2121 ......

522 2263 547 2333 {⁸
572 2313 578 2326 .
606 2314 611 2326 .
641 2262 696 2326 sed
718 2283 776 2344 pro
800 2312 806 2324 .
833 2310 840 2323 .
871 2261 969 2322 istum
994 2310 999 2321 .
1027 2305 1035 2322 .
1064 2282 1142 2321 num
1167 2310 1173 2321 .
1200 2310 1207 2322 .
1238 2261 1333 2323 debet
1358 2311 1363 2322 .
1391 2312 1397 2323 .
1423 2261 1604 2325 defenderit
1628 2311 1634 2323 .
1660 2311 1665 2322 .

520 2387 578 2447 pro
600 2364 722 2428 honore
745 2362 824 2425 ratis
846 2383 913 2424 non
935 2361 1025 2424 video
1049 2362 1103 2444 qui
1126 2362 1227 2443 possst
1255 2359 1406 2449 asse[qui]
1443 2385 1510 2425 non
1539 2364 1664 2426 insitus

520 2464 601 2540 Quid
629 2465 712 2548 quod
746 2465 955 2545 imperatores
983 2463 1105 2525 nostri9
1133 2463 1168 2525 in
1200 2462 1314 2525 Isidori
1342 2463 1456 2546 Lysiae
1491 2487 1587 2528 causa
1621 2464 1666 2526 ita

521 2566 758 2645 constituerunt
766 2563 812 2624 ¹⁰⁴?
851 2613 857 2625 .
884 2613 890 2625 .
915 2566 970 2626 aut
994 2613 1000 2624 .
1028 2613 1034 2625 .
1060 2587 1101 2626 an
1125 2564 1244 2648 legatio
1262 2615 1663 2629 .............

1156 2668 1157 2675 '
1342 2669 1394 2728 tus
1409 2651 1425 2728 ’ζ
1453 2717 1458 2728 .
1485 2667 1581 2729 simul
1610 2687 1666 2749 per

523 2819 529 2831 .
556 2818 563 2831 .
591 2766 771 2851 ignominia
796 2816 802 2828 .
829 2816 835 2828 .
865 2766 1006 2829 inuritur
1034 2767 1231 2850 sempiterna
1259 2816 1663 2831 .............

523 2917 762 2934 ........
774 2868 799 2906 ¹²
829 2866 902 2930 Non
925 2867 1010 2929 idem
1033 2868 1168 2931 dedecus
1192 2871 1241 2930 est
1263 2868 1386 2930 homini
1409 2869 1553 2932 solitario
1575 2870 1665 2950 igno·

607 3112 619 3157 l
638 3107 682 3158 Ita
700 3103 766 3158 Cod.
786 3104 843 3156 sine
859 3107 939 3168 fuerit
957 3103 1001 3155 vel
1017 3109 1059 3160 sit.
1094 3107 1189 3157 Maias.

548 3236 549 3239 ,
604 3188 838 3243 2Desiderantur
864 3187 944 3239 huius
970 3186 1091 3254 paginae
1119 3187 1297 3241 oblitteratae
1325 3205 1418 3241 versus
1445 3188 1574 3243 XXXVII
1605 3206 1666 3242 cum

520 3276 642 3329 dimidio.
679 3278 773 3328 Maius.
1667 3286 1670 3291 ⁴

605 3366 620 3413 3
639 3357 770 3425 Sequitur
789 3356 854 3409 Cod.
875 3376 901 3425 p.
922 3362 983 3417 296,
1009 3356 1084 3408 cuius
1106 3355 1184 3425 prior
1207 3357 1335 3411 columna
1354 3358 1518 3412 oblitterata
1537 3361 1580 3412 est
1625 3360 1666 3411 In·

521 3444 588 3513 cipit
605 3442 702 3496 altera.

603 3534 620 3581 4
637 3527 744 3581 Desunt
760 3543 854 3579 versus
873 3543 960 3594 prope
979 3525 1107 3592 quinque.
1147 3531 1238 3578 Maius

605 3620 620 3664 5
639 3610 745 3665 Codex:
764 3617 825 3663 eius.

605 3702 620 3748 6
638 3694 802 3748 Hominibus
819 3693 973 3762 ignominia
992 3694 1118 3747 censoria
1135 3695 1238 3748 notatis
1258 3696 1347 3750 adhuc
1365 3697 1402 3749 ad
1419 3698 1557 3752 honorem
1575 3699 1666 3752 aditus

521 3787 550 3835 et
572 3780 607 3834 ad
631 3779 734 3832 curiam
758 3778 862 3830 redItus
883 3778 946 3843 fuit,
974 3779 1045 3832 teste
1065 3778 1196 3833 Cicerone
1218 3795 1269 3848 pro
1293 3779 1419 3833 Cluentio
1437 3782 1521 3835 XLII.
1558 3783 1666 3836 Tamen
1696 3836 1699 3841 ,

521 3866 576 3933 dig.
600 3865 629 3917 L.
649 3869 708 3916 25
735 3861 832 3916 ordine
853 3863 923 3914 moti
945 3881 979 3916 ex
1002 3863 1129 3927 crimine,
1153 3863 1228 3931 quod
1249 3864 1433 3932 ignominIam
1461 3867 1611 3935 importat,
1638 3867 1666 3918 in

519 3949 685 4018 perpetuum
693 3948 847 3999 moventur.
875 3947 949 4015 Ergo
959 3947 1121 4000 Volumnius
1133 3948 1169 4001 ob
1182 3948 1270 4001 lenius
1289 3948 1393 4002 crimen
1405 3950 1497 4003 fuerat
1514 3950 1664 4018 relegatus.

521 4033 597 4091 Conf.
617 4031 672 4101 dig.
690 4031 743 4085 loo.
763 4030 807 4084 cit.
827 4031 949 4098 itemque
968 4031 1096 4085 divorum
1113 4032 1231 4084 fratrum
1249 4034 1414 4102 rescriptum
1432 4034 1487 4102 leg.
1504 4040 1543 4088 13.
1569 4038 1665 4088 Maius.

605 4123 619 4170 7
639 4115 690 4180 Qui
707 4113 797 4184 legati
814 4131 927 4169 munere
946 4116 1063 4185 fungens
1083 4116 1231 4169 Britannos
1250 4117 1327 4182 vicit,
1346 4117 1396 4171 Pio
1414 4117 1580 4186 imperante.
1617 4118 1665 4171 Ca-

519 4202 627 4272 pitolin.
645 4200 675 4253 in
692 4199 742 4254 Pio
762 4218 784 4253 c.
804 4206 826 4253 5.
865 4205 959 4253 Mauo.

605 4291 620 4338 8
639 4284 768 4352 Sequitur
786 4304 812 4353 p¹
833 4292 894 4350 ⁶295,
913 4285 941 4337 in
960 4302 1015 4351 qua
1032 4304 1174 4354 perpauca
1191 4286 1248 4354 logi
1265 4287 1389 4355 possunt.

580 4419 582 4423 ,
605 4377 620 4424 9
637 4370 712 4438 Ergo
718 4369 912 4438 haccepistula
919 4369 1023 4439 scripta
1033 4372 1077 4423 est
1089 4371 1139 4423 sub
1152 4369 1269 4438 imperio
1282 4371 1553 4425 divorumFratrum.
1569 4376 1664 4426 Maius.

589 4461 620 4508 10
637 4453 708 4507 Exin
724 4453 783 4522 legi
799 4454 983 4522 nequiverunt
1000 4470 1097 4507 versus
1115 4454 1214 4508 XVIII.
1252 4459 1347 4509 Maius.

589 4543 618 4589 ll
637 4537 739 4591 Deesse
757 4537 885 4592 videntur
901 4539 930 4591 in
949 4536 1050 4591 Codice
1067 4537 1189 4606 paginae
1208 4537 1288 4593 duae.
1325 4538 1456 4607 Sequitur
1474 4539 1541 4594 Cod.
1560 4560 1587 4609 p.
1606 4547 1664 4606 304,

519 4622 602 4675 hodie
620 4623 732 4690 practer
746 4620 944 4675 'adnotationes
965 4623 995 4674 in
1012 4622 1140 4690 margine
1158 4624 1216 4676 fere
1235 4641 1322 4677 erasa.

590 4711 620 4757 la
638 4704 739 4772 Incipit
756 4723 849 4757 versus
868 4705 966 4759 tertius
985 4706 1115 4759 decimus.
