4142 5659
512 663 550 724 12
721 661 757 714 Μ.
777 659 946 715 CORNELII
964 660 1171 716 FRCNTCNIS
1190 661 1446 718 EPISTULARUM

579 831 656 895 ‘sed
679 832 764 894 enim
787 854 918 916 vespera
941 834 1106 916 scripsisse
1129 837 1161 897 te
1183 836 1247 917 ais,
1278 858 1350 898 cum
1371 837 1467 918 paulo
1489 840 1563 919 post
1585 838 1655 900 dor-

509 934 644 997 miturus
668 955 767 997 esses:
790 935 891 1018 igitur
913 934 1175 1020 adpropinquans
1199 941 1232 1000 et
1252 938 1424 1001 imminens
1447 939 1507 1002 tibi
1523 962 1655 1004 somnus

509 1038 576 1097 tam
599 1035 781 1119 elegantem
803 1035 888 1100 hanc
910 1030 1082 1119 epistulam
1097 1037 1185 1102 fecit.
1220 1038 1378 1122 Namque,
1402 1044 1439 1103 ut
1461 1062 1583 1124 crocus,
1607 1043 1655 1106 ita

509 1158 638 1199 somnus
660 1138 847 1222 priusquam
868 1156 967 1222 prope
991 1139 1091 1221 adsit,
1126 1140 1222 1223 longe
1250 1140 1393 1223 praeolet
1421 1141 1579 1227 longeque
1603 1143 1655 1208 de·

508 1237 618 1301 lectat.
1388 1253 1393 1265 ·

593 1338 639 1403 Ut
661 1364 679 1403 a
702 1340 861 1424 principio
882 1342 984 1425 igitur
1006 1343 1162 1426 epistulae
1175 1346 1259 1407 tuae
1281 1344 1452 1428 incipiam,
1480 1347 1654 1430 elegantis-

509 1441 587 1504 sime
603 1444 867 1525 „praevaricari“
890 1447 922 1507 te
937 1444 999 1526 ais3
1022 1446 1107 1528 quod
1131 1495 1535 1510 ................
1546 1447 1567 1531 {¹
1594 1452 1653 1531 est,

508 1546 545 1605 ut
567 1566 603 1606 eo
625 1543 752 1607 sublato
774 1545 861 1607 aliud
883 1546 976 1609 subdi
998 1546 1140 1610 eiusdem
1155 1569 1230 1610 usus
1246 1550 1279 1610 et
1293 1548 1444 1630 ponderis
1459 1571 1525 1612 non
1540 1551 1653 1632 possit.

508 1643 591 1707 Illud
614 1667 688 1707 vero
710 1646 831 1709 dictum
854 1646 985 1731 elegans
1010 1697 1391 1713 ...............
1400 1650 1413 1688 ²
1439 1672 1567 1733 „neque
1588 1652 1655 1714 alia

508 1745 615 1808 omnia
638 1768 719 1829 quae
741 1749 920 1814 Ὀδυεεεὶαν
942 1748 1125 1812 faciuntf‘e

593 1847 766 1911 Enimvero
793 1850 900 1913 omnia
929 1851 1030 1914 istaec
1057 1852 1143 1915 inter
1171 1873 1304 1935 graecos
1333 1875 1441 1915 versus
1476 1852 1579 1917 latina
1607 1854 1655 1917 ita

509 1949 588 2012 scite
611 1950 772 2013 alternata
795 1954 912 2015 sunta
935 1955 968 2015 te
991 1956 1024 2015 et
1045 1952 1247 2036 interposita,
1272 1956 1308 2016 ut
1331 1956 1380 2016 est
1400 1953 1455 2016 ille
1475 1954 1510 2017 in
1525 1957 1654 2037 pyrrica

509 2051 736 2114 versicolorum
759 2053 954 2135 discursus,b
976 2043 1094 2136 quom3
1117 2054 1227 2117 amicti
1244 2076 1338 2118 cocco
1354 2055 1424 2138 alii,
1449 2055 1505 2118 alii
1520 2057 1606 2119 luteo
1623 2061 1655 2120 et

508 2155 594 2216 ostro
618 2156 650 2216 et
671 2176 830 2238 purpura,
855 2156 909 2218 alii
933 2154 1052 2238 aliique
1076 2155 1262 2219 coherentes
1287 2157 1512 2220 concursant⁴¹

546 2295 550 2302 .
593 2254 662 2318 lam
691 2279 709 2317 a
736 2256 882 2319 Laertio⁵
911 2257 952 2319 ad
980 2257 1130 2319 Atridam
1163 2257 1330 2341 eleganter
1360 2258 1517 2322 transisti.
1568 2259 1655 2322 Ecce

509 2358 616 2420 autem
640 2356 723 2419 circa
740 2357 889 2437 Ermium
918 2357 1014 2420 aliam
1043 2357 1237 2421 malitiosam
1264 2359 1383 2443 pilam⁶
1411 2360 1542 2442 dedisti,
1582 2383 1655 2426 cum

407 2495 408 2499 =
509 2458 570 2539 ais,
609 2458 672 2521 nisi
701 2481 739 2521 ex
767 2482 878 2522 somno
906 2460 1119 2522 exsuscitatus
1153 2464 1251 2542 esset,
1291 2483 1466 2543 numquam
1494 2462 1655 2525 somnium

509 2581 601 2622 suum
628 2564 801 2624 narrasset.
862 2565 996 2635 (lauerat
1023 2561 1157 2640 ollqoiffl
1185 2562 1314 2626 Marcus
1345 2583 1434 2625 meus
1463 2562 1596 2645 Caesar,
1627 2565 1655 2626 si

577 2779 594 2815 a
612 2767 645 2815 In
663 2769 791 2832 niarpine:
813 2762 910 2830 Baiae,
933 2764 1067 2818 Lucrinus
1086 2765 1114 2817 ot
1131 2765 1270 2830 Avernus,
1294 2767 1323 2818 et
1340 2764 1396 2818 alia
1414 2764 1508 2819 omnia
1525 2783 1653 2834 quaeque

509 2846 662 2914 Ctlysseian
680 2849 793 2901 faciunt.

576 2931 594 2982 b
613 2936 646 2985 In
664 2941 790 3002 marpine:
813 2933 857 2987 lta
873 2932 902 2986 iu
920 2932 1047 2988 oratione
1065 2934 1141 2987 utin
1160 2933 1271 3002 pyrrica
1293 2934 1474 2989 versicolorus
1492 2935 1577 2989 debet
1593 2936 1655 2989 fieri

508 3015 652 3070 discursus.

510 3169 710 3180 -.m--.-

579 3266 588 3311 l
610 3261 710 3329 Incipit
729 3257 794 3311 Cod.
815 3252 942 3311 Ambros.
966 3276 992 3326 p.
1007 3263 1052 3323 85,
1083 3258 1147 3325 post
1174 3256 1291 3310 duarum
1317 3256 1486 3324 paginarum
1515 3257 1653 3322 lacunam,

508 3363 591 3412 quam
611 3345 657 3413 qui
677 3361 733 3398 non
751 3343 867 3412 agnovit
883 3343 979 3408 Maius,
997 3341 1107 3410 putavit
1125 3341 1214 3394 tribus
1233 3341 1324 3394 verbis
1336 3341 1508 3410 interpositis
1521 3341 1653 3395 damnum

508 3429 604 3483 sanciri
622 3445 713 3498 posse.

575 3571 590 3616 2
610 3563 713 3618 Codex:
733 3560 971 3614 AVTAVIATVV
986 3603 990 3613 .
1007 3603 1012 3613 .
1027 3604 1032 3613 .
1048 3508 1203 3623 Aisaros.
1241 3561 1340 3614 Latere
1359 3561 1495 3629 suspicor:
1515 3567 1574 3615 Ιιιιιιι
1593 3571 1653 3631 quia

508 3662 574 3702 ticum
593 3653 661 3716 qood
677 3653 727 3700 ais:
747 3665 846 3713 ‚meque
865 3646 915 3698 cet.
941 3646 1000 3708 Quo
1015 3645 1084 3698 haec
1096 3643 1263 3713 pertineant,
1280 3645 1450 3713 ignoramus,
1469 3646 1535 3713 quia
1546 3645 1653 3701 interiit

507 3732 612 3802 pagina
639 3747 710 3798 quae
736 3729 894 3798 praecessit.
932 3731 1059 3797 Apparet
1080 3730 1174 3782 tamen
1197 3731 1368 3784 Frontonem
1390 3729 1501 3798 copiose
1523 3729 1653 3785 laudasse

508 3815 613 3870 alumni
631 3831 746 3868 acumen
763 3816 791 3867 et
809 3813 985 3881 elegantiam.
1016 3814 1122 3867 Eodem
1140 3814 1216 3868 ducit
1228 3815 1373 3868 adnotatio
1386 3814 1415 3867 in
1427 3813 1562 3883 margine,
1581 3834 1653 3882 quae

506 3902 605 3955 itidem
627 3901 720 3952 sumta
742 3901 783 3952 est
807 3897 895 3950 exiis
918 3915 989 3966 quae
1010 3897 1219 3953 interciderunt.
1263 3902 1296 3952 cf.
1321 3916 1392 3966 quae
1415 3898 1537 3953 dicemus
1560 3900 1597 3952 ad
1614 3901 1651 3952 M.

508 3988 656 4041 Caesarem
672 3984 719 4036 ill.
734 3988 756 4036 8.

576 4078 590 4125 3
610 4069 714 4124 Codex:
734 4088 814 4136 quara.

575 4161 591 4207 4
609 4153 769 4221 Schopenus
787 4152 916 4206 coniecit:
945 4159 990 4206 alii
1012 4153 1066 4207 alio
1089 4153 1208 4222 denique
1231 4154 1322 4208 colore
1346 4152 1419 4206 inter
1438 4171 1468 4207 se
1486 4159 1649 4208 correursaur.

509 4239 674 4293 Coniectura
691 4237 801 4291 videtur
819 4238 902 4306 paulo
922 4238 1061 4292 audacior.

481 4378 488 4389 ,
576 4322 714 4377 5Codex:
734 4328 833 4377 Lectio.

575 4465 591 4512 6
610 4458 714 4513 Codex:
737 4457 861 4512 PETAM
878 4458 921 4511 vel
940 4460 1011 4512 forte
1029 4406 1154 4511 PlilTAM
1175 4460 1219 4514 vel
1237 4407 1365 4512 PllLAM.
1403 4457 1577 4512 Heindorfius
1596 4477 1653 4512 ma·

506 4544 584 4598 lebat
607 4550 717 4611 plepem.
765 4543 937 4612 Schopenus:
965 4549 1114 4596 rrialiriosam
1139 4543 1414 4614 interpretationem,
1445 4544 1505 4597 coll.
1535 4542 1588 4596 Cio.
1617 4543 1653 4597 de

508 4629 560 4682 Ost»
576 4629 739 4769 ii'lldtglcrc
758 4713 868 4767 litterae
887 4711 1030 4766 evanuisse
1050 4710 1187 4765 videntur.
