4142 5659
516 611 580 674 200
719 584 764 660 ΙΜ.
784 607 953 661 CORNELII
970 606 1178 661 FRONTONIS
1196 605 1454 660 EPISTULARUM

517 800 617 861 cessu‚
641 777 844 841 Baburianae
868 799 941 841 vero
963 798 1074 856 magron
1089 798 1180 858 opere
1201 777 1377 841 iucundum
1398 777 1575 860 impetratu
1595 779 1665 843 fue-

516 881 580 943 rita
595 903 636 943 u.
653 882 789 943 cunta.
805 929 811 942 .
829 901 908 958 qaae
931 879 969 942 de
992 879 1155 966 sententia
1176 880 1234 942 tua
1249 900 1417 942 usurarum
1430 928 1572 943 .......
1584 902 1665 964 pen-

443 986 444 989 ’
517 980 604 1045 ditur
631 1003 650 1044 o
674 1031 681 1044 .
706 1031 713 1044 .
737 1004 759 1044 u
786 980 978 1044 exstruendo
1006 980 1203 1065 adiungatur
1232 1029 1468 1044 ........
1478 981 1487 1021 ¹
1511 983 1598 1045 hone
1623 1032 1631 1045 .
1658 1033 1664 1045 .

517 1083 679 1166 quondam
702 1132 709 1146 .
735 1132 742 1146 .
766 1082 879 1166 petita.
921 1080 1102 1148 Contulisse
1126 1131 1133 1145 .
1158 1131 1165 1145 .
1188 1079 1345 1144 infamia²
1365 1081 1504 1147 multata
1524 1083 1664 1147 videtur.

517 1184 556 1248 Id
576 1184 694 1268 populo
717 1204 841 1268 quoque
865 1232 1204 1247 ...........

753 1335 801 1402 x.
835 1334 912 1421 (nr
934 1290 1033 1400 inis
1055 1336 1094 1401 a
1115 1334 1452 1421 0110110100.-

603 1470 750 1546 Quantae
778 1470 859 1534 mihi
888 1492 981 1534 curae
1012 1519 1282 1535 .........
1304 1506 1306 1509 -
1309 1521 1514 1536 .......
1549 1473 1666 1537 multo-

518 1595 580 1657 que
601 1573 712 1636 malim
733 1573 858 1657 patriae
880 1574 1010 1636 nostrae
1032 1571 1168 1636 tutelam
1191 1574 1319 1636 auctam
1346 1594 1442 1657 quam
1463 1594 1571 1638 meam
1593 1596 1666 1659 gra-

517 1675 598 1738 tiam
606 1677 628 1738 ¹¹.
952 1759 956 1763 ..

604 1775 708 1851 Quare
736 1775 853 1839 suadeo
878 1776 967 1839 vobis
994 1778 1149 1859 patronos
1179 1797 1286 1840 creare
1314 1763 1347 1840 et
1375 1776 1504 1840 decreta
1531 1778 1568 1841 in
1596 1801 1667 1843 eam

519 1898 587 1940 rem
609 1876 738 1940 mittere
760 1875 799 1940 ad
816 1898 879 1960 eos,
904 1877 958 1960 qui
979 1899 1067 1941 nunc
1087 1877 1149 1940 fori
1170 1879 1351 1962 principem
1365 1878 1471 1942 locum
1493 1867 1665 1964 occupant,

520 1977 685 2041 Aufidium
706 1977 919 2060 Victorinum,
949 1998 1044 2061 quem
1066 1978 1101 2042 in
1123 1999 1256 2042 numero
1272 1979 1483 2063 ‘municipum
1504 1981 1634 2045 habetis
1643 1983 1665 2064 ⁵,

521 2079 548 2142 si
570 2079 602 2142 di
633 2078 767 2143 consilia
794 2101 865 2143 mea
893 2080 1049 2144 iuverint:
1077 2102 1154 2143 nam
1181 2079 1281 2143 filiam
1307 2102 1413 2144 meam
1441 2081 1597 2166 despondi
1626 2084 1665 2167 ei,

520 2201 581 2244 nee
608 2178 721 2244 melius
750 2182 806 2244 aut
838 2180 917 2243 mihi
951 2180 1005 2243 1116
1036 2181 1277 2264 posteritatem,
1312 2184 1369 2244 aut
1396 2204 1487 2246 meae
1513 2183 1600 2247 filiae
1632 2185 1667 2248 in

520 2303 648 2345 omnem
669 2281 771 2345 vitam
794 2281 958 2346 consulere
972 2282 1073 2365 potui,
1097 2303 1192 2365 quam
1215 2304 1287 2346 eum
1301 2283 1399 2346 talem
1415 2284 1495 2347 mihi
1511 2305 1666 2369 generum

523 2383 614 2447 cum⁷
636 2383 700 2446 illis
722 2383 863 2448 moribus
885 2386 1040 2467 tantaque
1064 2383 1246 2466 eloquentia
1269 2383 1361 2468 elegi.

607 2465 776 2548 Servilium
794 2506 919 2568 quoque
935 2483 1098 2549 SilanumS
1113 2484 1270 2567 optimum
1291 2488 1324 2549 et
1339 2486 1607 2550 facundissimum
1622 2488 1666 2551 vi-

522 2607 595 2648 rum
609 2585 678 2648 iure
694 2585 865 2668 municipis
881 2589 1054 2669 patronum
1063 2585 1235 2672 habebitis,
1254 2609 1326 2650 eum
1341 2588 1384 2651 sit
1395 2588 1504 2652 vicina
1520 2591 1553 2652 et
1565 2589 1666 2653 amica

523 2685 652 2750 civitate
684 2684 836 2770 Hippone
864 2685 977 2771 Regio.
1021 2685 1222 2751 Postumium
1253 2687 1403 2752 Festum⁹
1434 2691 1667 2779 et'morum'et

607 2925 675 2976 ala
693 2929 818 2991 marytre:
841 2921 970 2976 Postulat
987 2954 1019 2962 —
1037 2939 1104 2978 vero
1122 2923 1273 2977 iucundum
1289 2953 1323 2963 —-
1340 2923 1432 2979 fuerit.

608 3135 621 3182 1
639 3129 773 3182 Excidere
792 3127 901 3196 septem
918 3142 1022 3180 versus.

606 3219 622 3267 2
641 3211 709 3268 Cod.
728 3229 771 3281 pr.
789 3229 825 3265 m.
845 3216 982 3277 infamiam.

611 3296 815 3352 3Exciderunt
840 3295 869 3348 in
896 3295 996 3349 Codice
1024 3295 1096 3349 duae
1121 3297 1250 3364 paginae.
1284 3297 1385 3366 incipit
1402 3316 1430 3367 p.
1449 3303 1508 3353 306.
1543 3300 1669 3369 Apparet

526 3383 641 3449 quidem
670 3381 770 3448 quibus
797 3380 916 3449 epistola
941 3378 1121 3433 inscribenda
1147 3380 1199 3447 sit,
1231 3381 1281 3435 sed
1306 3381 1390 3435 binae
1415 3382 1528 3436 1110111111
1553 3383 1669 3439 Fronto·

524 3466 567 3520 nis
584 3465 613 3518 in
631 3453 684 3519 hoc
701 3465 773 3518 libro
791 3464 902 3518 litterae
925 3464 962 3517 ad
983 3462 1118 3530 IllViros,
1145 3464 1180 3518 de
1197 3464 1295 3534 primis
1312 3465 1404 3519 verbis
1422 3466 1561 3521 dubitatio
1581 3470 1669 3523 estet

523 3550 585 3605 fieri
601 3550 697 3620 potest
715 3551 747 3602 ut
764 3548 920 3618 supplenda
942 3547 998 3601 sint
1020 3548 1108 3602 verba
1126 3548 1277 3617 superioris
1295 3549 1443 3618 epistolae:
1474 3555 1552 3605 Meae
1570 3559 1668 3621 pieriae

524 3641 608 3690 totius.
645 3632 770 3687 Praetuli
788 3632 863 3699 quod
881 3646 943 3685 cum
966 3631 1096 3686 foliorum
1114 3632 1295 3702 dispositione
1313 3633 1412 3688 melius
1430 3635 1592 3701 quadraret.

608 3723 625 3771 4
641 3717 778 3771 Videntur
796 3715 889 3770 Cirtae
912 3716 1075 3772 decuriones
1096 3715 1227 3787 petivisse
1246 3735 1263 3771 a
1279 3718 1420 3772 Frontone
1442 3720 1474 3773 ut
1490 3721 1603 3789 patriae
1629 3724 1669 3776 tu·

522 3802 610 3856 telam
627 3801 792 3870 susciperet;
810 3800 855 3853 hic
872 3817 938 3854 vero
958 3802 1084 3868 suadere,
1102 3803 1134 3855 ut
1151 3800 1220 3856 alios
1236 3801 1329 3872 potius
1347 3804 1482 3871 patronos
1501 3804 1667 3860 adsciscant.

523 3890 619 3943 Maias.
656 3883 764 3954 Operae
782 3883 904 3954 pretinm
921 3886 965 3939 est
981 3886 1027 3940 hie
1045 3887 1169 3941 conferre
1187 3885 1379 3941 Niebuhrium.

608 3968 808 4024 5Niebuhrius
825 3968 896 4037 legit
913 3973 1044 4024 habebitis.

608 4059 624 4106 6
640 4052 758 4107 Addidit
774 4053 957 4112 Heindorfius.

608 4143 623 4191 ‘1
640 4139 685 4192 It'a
702 4137 803 4193 Codex.
993 4182 998 4198 .

607 4229 624 4277 8
642 4221 788 4278 servilium
806 4222 930 4278 Silanum
949 4225 1051 4280 occidit
1068 4216 1245 4292 Commodus,
1255 4226 1405 4295 lamprid.
1425 4242 1447 4279 c.
1467 4232 1491 4280 ’1.
1528 4227 1612 4284 Certe
1628 4229 1668 4282 illi

523 4307 631 4375 Silano,
658 4308 705 4376 qui
722 4307 776 4361 fuit
799 4309 892 4363 00110111
913 4299 989 4363 anno
1005 4308 1151 4364 Commodi
1167 4308 1234 4379 imp.
1254 4309 1376 4376 decimo,
1394 4310 1522 4379 plerique
1541 4316 1668 4369 auctores

522 4392 551 4445 in
568 4393 705 4447 fastorum
723 4391 831 4461 Sigonii
848 4392 1057 4448 continuatione
1074 4411 1177 4448 nomen
1193 4393 1301 4448 faciunt
1319 4393 1474 4449 Servilium.
1510 4401 1608 4455 Maius.

607 4483 623 4530 9
641 4477 755 4531 Festum
772 4477 945 4532 Postumium
968 4495 1030 4532 eum
1048 4477 1189 4533 Frontone
1212 4481 1309 4533 nostro
1327 4478 1503 4534 fabulantem
1520 4480 1592 4536 facit
1608 4481 1668 4537 Gel-

522 4560 575 4614 lius
592 4560 664 4614 XlX.
686 4568 725 4615 13.
761 4563 853 4616 Lubet
870 4566 965 4617 autem
984 4562 1134 4639 observare
1152 4561 1294 4618 Titianum
1311 4563 1391 4616 illum
1409 4565 1564 4632 oratorem,
1588 4566 1634 4633 qui
1652 4583 1668 4619 a

523 4643 636 4700 Sidonio
654 4645 705 4715 Ep.
723 4646 744 4699 l.
767 4652 780 4699 1
800 4645 901 4700 dicitur
920 4648 997 4701 secta
1014 4646 1218 4715 frontonianus,
1235 4648 1265 4701 in
1282 4647 1464 4719 inscriptione
1482 4650 1586 4716 vetere¹
1605 4650 1667 4719 (Sir-
