4142 5659
934 944 1197 1018 Addenda

562 1147 721 1214 Sequuntur
745 1134 877 1215 excerpis
898 1160 933 1197 ex
950 1142 1063 1197 Henrici
1079 1142 1162 1196 Alani
1180 1141 1352 1196 Coniecturis
1370 1142 1399 1195 et
1416 1140 1642 1194 Animadversio-

402 1229 404 1232 ⁴
494 1233 589 1297 nibus,
608 1249 677 1300 quas
696 1247 768 1284 nunc
786 1230 898 1282 demum
917 1245 1053 1297 usurpare
1071 1227 1156 1280 licuit.
1193 1225 1315 1280 Libellus
1333 1228 1376 1280 est
1393 1243 1547 1295 paucarum
1559 1223 1641 1293 pagi-

495 1334 594 1372 narum
613 1318 641 1371 et
657 1313 782 1370 Dublinii
798 1311 904 1383 prodiit
922 1329 994 1366 auno
1014 1316 1087 1364 1841.

494 1453 524 1506 P.
546 1460 576 1506 13
594 1470 619 1505 v.
639 1458 663 1504 9.
701 1448 816 1518 Supple:
853 1448 917 1502 Sive
934 1447 1085 1517 pervigiles
1103 1452 1144 1500 die
1163 1458 1237 1500 nacla
1254 1465 1355 1514 semper
1369 1447 1530 1517 protegant.

494 1538 524 1591 P.
544 1545 577 1592 20
595 1556 620 1590 v.
642 1543 681 1590 14.
716 1533 808 1602 Lege:
833 1533 864 1585 ut
881 1532 904 1584 si
922 1530 1031 1585 simiam
1050 1533 1099 1585 aut
1116 1533 1228 1600 volpem
1246 1531 1358 1600 Apelles
1382 1531 1516 1599 plnperet,
1534 1528 1643 1583 bestiae

562 1626 686 1676 sordidae
704 1618 825 1689 pretium
844 1618 969 1672 adderet.

494 1710 524 1762 P.
544 1713 576 1760 22
595 1724 620 1758 v.
639 1711 663 1758 4.
699 1705 790 1772 Lege:
808 1700 927 1755 mollitia
946 1707 1064 1755 delicata.

494 1794 524 1846 P.
544 1798 577 1844 44
595 1808 620 1844 v.
637 1796 663 1848 -1,.
699 1789 786 1856 Lege:
809 1785 924 1854 negotio
944 1791 1030 1840 incita.

494 1877 523 1929 P.
543 1882 576 1930 45
594 1894 619 1927 v.
637 1881 663 1926 4.
699 1873 786 1941 Lege:
806 1875 938 1924 Iunone.

494 1961 524 2013 P.
544 1966 576 2013 48
594 1977 619 2012 v.
639 1965 662 2011 1.
699 1956 815 2025 Supple:
835 1954 945 2008 videam
962 1955 991 2007 te
1008 1961 1139 2007 aalealenr.

494 2045 523 2098 Ρ.
544 2050 576 2097 48
594 2062 618 2097 v.
637 2048 678 2094 24.
714 2038 873 2108 Distinguc:
904 2039 1098 2107 quodcumque
1126 2055 1209 2092 ausus
1236 2036 1321 2090 fueris
1349 2054 1411 2090 cum
1437 2037 1643 2105 isto'ingeni0‚

562 2126 695 2196 perficies.
1017 2169 1019 2173 .

494 2213 523 2265 P.
543 2218 576 2266 48
594 2231 619 2265 v.
639 2211 687 2265 ult.
725 2208 843 2279 Supplex
874 2214 906 2263 de
928 2213 1084 2262 hexametris
1111 2213 1240 2273 faciendis
1261 2208 1290 2260 in
1313 2224 1358 2260 me
1381 2209 1483 2274 recipio
1510 2206 1644 2260 vocabula

449 2294 450 2297 ’
562 2293 674 2349 duriora
689 2305 788 2361 notzere,
806 2300 830 2346 si
847 2299 926 2346 minus
943 2292 1249 2362 perfeeleabsolveris.

494 2383 524 2435 P.
543 2388 574 2434 61
594 2399 619 2433 v.
641 2385 680 2431 12.
717 2379 804 2447 Lege:
824 2380 957 2445 infelicior
974 2377 1079 2431 littera.

494 2467 523 2519 P.
544 2473 576 2519 70
593 2483 618 2518 v.
638 2470 672 2516 24
690 2464 718 2517 et
734 2481 762 2532 p.
782 2469 814 2517 97
833 2481 858 2516 v.
876 2467 900 2516 9.
931 2460 998 2514 Maii
1015 2478 1148 2529 perversa
1165 2461 1353 2531 interpunctio
1372 2461 1523 2531 corrigitur
1541 2461 1644 2515 eodem

563 2549 647 2603 modo
666 2562 721 2615 quc
740 2547 816 2615 apud
833 2561 892 2598 uos.

494 2620 529 2686 P?
542 2639 575 2687 83
593 2651 618 2684 v.
639 2637 678 2683 12.
715 2630 798 2683 Alani
817 2631 845 2683 ct
863 2626 959 2683 Orellii
977 2632 1177 2695 (υνὲμπτωειε.
1210 2635 1214 2642 ’

494 2718 524 2771 Ρ.
545 2723 594 2771 100
611 2734 636 2768 v.
657 2720 696 2767 11.
732 2714 820 2781 Lege:
840 2718 925 2767 Nihilo
943 2720 1022 2783 magis
1041 2716 1089 2768 aut
1107 2720 1170 2768 ailcil
1187 2735 1217 2769 ea
1234 2722 1321 2772 inieras.

494 2802 524 2855 P.
545 2806 593 2854 106
612 2819 635 2853 v.
656 2804 680 2852 8.
718 2798 834 2867 Supple:
864 2802 902 2851 Re
920 2805 1045 2865 capallum
1061 2804 1151 2862 tabeo,
1171 2820 1244 2868 qaam
1260 2806 1322 2854 nilis
1338 2812 1388 2854 tam
1405 2803 1536 2869 paratum
1556 2804 1643 2869 atque

563 2884 730 2955 expeditum.
759 2915 792 2922 -
821 2882 956 2938 Continuo
974 2882 1079 2936 Alanus
1102 2884 1209 2937 mavult
1227 2889 1329 2948 Scribe,
1353 2887 1429 2953 quod
1451 2903 1505 2954 ego
1529 2902 1642 2955 quoque

563 2968 762 3024 commendavi.

494 3058 524 3110 P.
545 3063 592 3108 121
613 3074 636 3108 v.
655 3060 679 3108 5.
715 3054 803 3122 Lege:
833 3058 973 3120 adqaomea
995 3053 1154 3107 Armeniaci
1174 3055 1248 3121 quod
1272 3058 1449 3109 recusaverat
1467 3057 1641 3111 sumendum.

494 3142 524 3195 P.
545 3146 592 3194 132
615 3158 640 3192 v.
662 3146 701 3193 13.
737 3137 842 3191 Alenus
865 3141 940 3190 recte
964 3139 1072 3191 confert
1094 3137 1203 3192 Sallust.
1224 3139 1303 3193 Catil.
1323 3145 1351 3193 8:
1385 3140 1430 3194 Its
1456 3158 1567 3207 eorum,
1594 3142 1642 3208 qui

562 3227 662 3289 fecere,
680 3222 768 3276 virtus
786 3222 866 3275 tante
882 3222 1012 3289 habetur,
1031 3224 1167 3289 quantum
1180 3224 1272 3278 verbis
1292 3241 1354 3278 eam
1371 3233 1488 3293 potuere
1507 3224 1645 3281 extollere*

543 3307 708 3378 ¹praeclara
725 3305 844 3376 ingenia.
870 3306 949 3360 Adde
961 3306 1115 3376 Vopiscum
1131 3307 1269 3362 iniProbo
1283 3311 1311 3362 ct
1322 3309 1455 3363 Nostrum
1472 3311 1502 3364 in
1518 3310 1641 3380 Princip.

563 3391 759 3460 fflupem

495 3478 526 3530 P.
547 3483 594 3531 138
612 3494 637 3530 ν.
658 3482 697 3530 10.
735 3474 804 3528 Crim
822 3475 982 3529 Heindorfio
1001 3476 1098 3530 scribit
1115 3482 1257 3532 acerbitati.
1450 3504 1453 3510 .

493 3563 524 3615 P.
545 3566 592 3614 156
611 3579 636 3613 v.
657 3565 680 3616 1.
716 3560 803 3628 Lege:
826 3559 955 3615 Plautino
972 3567 1044 3628 facto
1062 3562 1162 3629 verb0,
1187 3562 1248 3616 coll.
1267 3563 1357 3617 Bentl.
1377 3564 1414 3618 sd
1431 3564 1498 3618 Hor.
1519 3565 1553 3618 de
1573 3565 1641 3620 Arte

561 3651 662 3698 1152.
855 3675 858 3681 ·

493 3730 524 3782 P.
545 3734 593 3782 195
611 3747 635 3781 v.
656 3733 695 3780 12.
733 3728 849 3798 Supple:
869 3731 1040 3799 nepotesque
1055 3738 1198 3798 praesidio.

493 3811 523 3865 P.
543 3814 635 3865 2041.
653 3817 679 3863 4.
716 3810 787 3875 Quia
804 3812 908 3868 Alanus
927 3813 1039 3866 dubitet
1057 3814 1091 3867 de
1109 3815 1228 3871 lectione
1245 3824 1431 3886 appellandae,
1452 3837 1554 3888 operae
1572 3838 1641 3890 pre—

561 3896 632 3988 tium
647 3894 692 3988 ‘est
710 3894 854 3962 adnotare,
873 3895 993 3951 amicum
1011 3915 1105 3952 mcum
1122 3900 1191 3954 illud
1203 3901 1293 3971 ipsum
1305 3910 1478 3972 appellandae
1496 3905 1525 3957 in
1539 3903 1640 3960 Codice

561 3996 706 4033 mvemsse.
997 4020 999 4025 ,

494 4065 523 4118 P.
543 4070 593 4118 220
610 4083 635 4116 v.
657 4069 696 4118 17,
731 4064 837 4118 Alanus
857 4081 967 4133 quoque
984 4067 1056 4122 vidit
1073 4069 1102 4123 in
1120 4072 1282 4140 corruptela
1299 4073 1400 4128 latere:
1419 4085 1504 4128 traees
1521 4074 1603 4128 tauri.

493 4150 522 4203 P.
544 4155 594 4202 222
611 4167 637 4202 v.
657 4155 681 4202 2.
718 4148 835 4219 Supple:
855 4156 887 4204 ale
904 4159 1074 4221 veclipalibas.

493 4234 524 4287 P.
543 4239 592 4287 225
610 4251 634 4286 v.
656 4238 695 4286 19.
731 4235 787 4286 An:
806 4236 943 4303 perpetuo
961 4241 1113 4292 substrictae
1131 4244 1212 4292 sunt?

493 4319 523 4371 P.
543 4323 593 4371 225
610 4335 635 4370 v.
656 4316 704 4370 ult.
740 4318 844 4372 Iterum
861 4318 944 4373 Alani
962 4322 991 4374 et
1008 4320 1105 4376 Orellii
1123 4325 1321 4389 (υνέμπτωειε.

493 4403 523 4456 Ρ.
542 4407 592 4456 229
610 4418 635 4454 V.
656 4407 695 4453 19.
731 4401 819 4470 Lege:
837 4408 945 4458 hameris·
963 4405 1007 4458 vel
1025 4411 1127 4460 tremere
1145 4420 1264 4476 exoptas.

492 4487 523 4540 P.
543 4491 591 4539 231
610 4502 634 4537 v.
653 4490 676 4536 2.
714 4484 773 4539 Iam
790 4485 894 4540 Alanus
916 4487 987 4541 vidis
1005 4490 1209 4545 emendandum
1227 4510 1287 4549 esse
1305 4501 1472 4550 condoluisse.

492 4569 522 4622 P.
543 4575 592 4623 232
610 4586 635 4621 v.
657 4574 696 4621 13.
733 4568 840 4624 Alanus
859 4588 921 4624 curn
938 4573 1075 4642 Hauptio:
1099 4588 1211 4630 meamet.

492 4652 522 4706 P.
543 4659 592 4707 234
609 4670 634 4705 v.
655 4657 695 4705 20.
732 4653 819 4723 Lege:
835 4662 996 4726 pariterque,
1015 4658 1075 4711 coll.
1097 4658 1150 4714 Cio.
1172 4660 1207 4715 de
1225 4662 1285 4716 Div.
1305 4665 1450 4732 111433.
