4142 5659
806 649 856 704 AD
874 649 1008 704 inicos
1027 650 1135 704 LIBER
1152 653 1187 705 II.
1509 661 1568 724 197
1596 661 1599 667 ’

424 820 649 904 suetissimum,
684 821 918 903 doctissimum,
953 820 1149 905 piissimum,
1181 824 1216 887 in
1245 845 1341 888 causa
1367 847 1434 890 non
1463 829 1568 893 dicam

423 923 517 1005 bona,
541 922 629 1006 finge
653 923 739 986 enim
762 921 923 1006 ambigua,
946 925 1039 987 tanto
1061 927 1140 987 natu
1161 945 1270 989 senem
1292 926 1491 1009 prohibuisse
1514 952 1565 995 cu·

422 1024 469 1087 ria
490 1024 631 1086 interim.

1302 1083 1314 1106 .

507 1125 566 1190 oui
588 1126 704 1189 aetati¹
722 1126 865 1189 omnium
887 1126 1011 1190 vacatio
1033 1147 1202 1190 munerum
1225 1129 1301 1192 data
1323 1132 1391 1193 esta
1409 1180 1415 1193 .
1435 1131 1465 1194 .²
1480 1135 1565 1197 aeta·
1646 1208 1648 1213 ,

422 1231 487 1290 tem
508 1225 599 1290 nulla
621 1226 682 1310 lex,
707 1227 734 1290 si
757 1230 958 1291 sacramento
982 1227 1176 1311 adiguntur³
1200 1281 1206 1293 .
1233 1231 1262 1293 .⁴
1290 1231 1352 1294 mei
1375 1234 1431 1295 tua
1453 1236 1486 1296 et
1508 1239 1565 1299 aut

421 1329 498 1414 igno
524 1378 531 1391 .
557 1378 564 1390 .
610 1327 686 1393 Seni
708 1329 916 1413 septuaginta
944 1350 1046 1392 annos
1070 1350 1198 1414 egresso
1220 1332 1383 1416 insignem
1404 1334 1563 1400 maculam

421 1431 555 1514 infligis,
580 1429 723 1513 quando,
747 1449 803 1492 oro
825 1433 874 1512 te,
899 1430 1113 1494 abolendam?
1150 1431 1347 1506 Quantulum
1369 1436 1455 1498 enim
1477 1437 1562 1502 vitae

420 1533 576 1616 reliqum5
599 1534 648 1595 est
671 1532 711 1594 ad
734 1531 911 1594 exuendam
933 1531 1102 1595 infamiam
1125 1536 1158 1596 et
1178 1534 1349 1616 pristinam
1371 1537 1564 1620 dignitatem

421 1631 677 1717 sperandamlb?
725 1631 796 1696 Hoc
827 1634 911 1716 quod
939 1641 1034 1697 rocas
1068 1634 1214 1717 interim,
1248 1637 1362 1718 quanti
1397 1639 1564 1720 sperabit?

420 1733 453 1799 si
476 1735 636 1816 tantisper
659 1731 859 1821 [dedisset]⁷‚
888 1733 1051 1817 paulisper
1079 1736 1230 1818 sperabit.
1276 1735 1353 1811 Quis
1376 1742 1478 1824 segeti
1499 1744 1563 1805 tor-

419 1836 507 1899 ridae
529 1856 666 1900 messem
687 1835 929 1918 procrastinat?
965 1856 1026 1900 nec
1048 1837 1133 1900 non8
1155 1838 1225 1920 quis
1245 1839 1439 1904 vindemiam
1460 1864 1493 1903 m
1513 1844 1562 1906 tu-

419 1959 487 2000 ram
510 1959 547 2001 ac
570 1936 781 2001 distillantem
802 1936 977 2022 propellit?
998 1959 1060 2001 nec
1074 1938 1159 2001 non9
1176 1941 1246 2022 quis
1267 1943 1393 2024 tempus
1408 1946 1563 2028 prorogat

418 2040 520 2122 pomis
536 2038 668 2102 mitibus
684 2042 740 2101 aut
754 2038 885 2102 floribus
900 2039 1171 2103 marcescentibus
1185 2043 1240 2104 aut
1254 2041 1392 2128 facibus}
1403 2043 1426 2083 ¹⁰
1450 2045 1561 2108 arden-

418 2138 546 2203 tibuscr
575 2139 685 2203 Etiam
707 2135 816 2204 soli..
843 2141 928 2203 centi
952 2140 1083 2204 verbum
1106 2143 1155 2203 est
1177 2141 1307 2229 interim
1329 2145 1397 2207 occi
1422 2194 1428 2206 .
1455 2194 1461 2207 .
1487 2166 1561 2209 con-

418 2240 535 2304 festim.
581 2239 706 2305 Vellem
729 2242 813 2305 sicut
834 2244 870 2304 tu
893 2262 1002 2305 senem
1024 2241 1148 2324 differs,
1171 2243 1219 2306 ita
1241 2246 1329 2307 aetas
1352 2265 1476 2329 quoque
1499 2247 1560 2311 dif-

417 2341 539 2405 ferretd
575 2391 781 2406 .......
833 2342 1099 2425 Adulescentiae,
1133 2344 1293 2408 iuventuti
1320 2346 1446 2428 prolixa
1475 2348 1559 2412 vitae

418 2443 575 2506 curricula
598 2444 673 2507 data
695 2446 788 2525 sunt,
823 2444 906 2507 sicut
934 2443 1046 2507 diebus
1074 2448 1107 2508 et
1128 2445 1277 2509 noctibus
1299 2447 1461 2511 interdum
1482 2448 1560 2513 licet

417 2565 484 2607 esse
506 2543 627 2629 longis:
651 2546 798 2608 senectus
822 2544 1043 2628 crepusculum
1065 2548 1124 2629 est,
1148 2546 1232 2629 quod
1248 2546 1382 2631 longum
1404 2569 1560 2615 essenon

415 2648 540 2729 1111111θ
565 2696 704 2709 .....
714 2646 739 2684 ¹¹
762 2649 811 2709 tes
832 2646 995 2710 metienda
1017 2649 1102 2710 sunt.

415 2818 618 2828 ——-

498 2950 516 2986 a
534 2937 568 2986 In
585 2939 710 3003 margine:
728 2933 801 2987 Laus
819 2933 974 2987 senectutis.

497 3019 516 3070 b
536 3022 570 3070 In
587 3025 715 3086 maryine:
734 3017 799 3071 Seni
812 3019 882 3087 sept.
896 3047 930 3058 -
941 3017 1044 3086 infligis
1058 3062 1063 3070 .
1079 3060 1083 3068 .
1101 3061 1105 3069 .
1122 3061 1126 3068 .
1142 3017 1254 3086 quando
1266 3049 1300 3058 -
1312 3019 1479 3088 dignitatem
1498 3038 1558 3090 spe-

413 3102 566 3240 randatllln
583 3193 708 3256 margine:
728 3185 823 3255 Segeti
848 3217 878 3225 -
902 3186 1085 3240 distillantem
1103 3186 1214 3242 differt?
1245 3187 1358 3254 quis-
1376 3169 1557 3243 ardentibus?

499 3271 517 3324 d
536 3276 569 3324 In
586 3278 712 3339 margine:
731 3270 839 3325 Vellem
858 3301 889 3310 -
909 3270 1041 3325 differret.

498 3372 512 3409 e
531 3359 565 3408 In
581 3362 707 3424 margine:
725 3355 938 3410 Adulescentiae
956 3385 989 3394 —
1007 3369 1063 3408 non
1081 3356 1181 3423 potest.

498 3599 512 3645 1
530 3593 649 3647 Maiores
668 3593 746 3646 annis
764 3593 812 3645 LV
824 3594 861 3646 ad
873 3593 1083 3647 decurionatum
1100 3593 1181 3646 inviti
1198 3593 1292 3646 vocari
1311 3593 1554 3648 constitutionibus

412 3677 642 3746 prohibebantur.
678 3677 965 3745 bigaranas.
1002 3681 1096 3731 Maius.
1152 3725 1157 3733 .

496 3767 511 3814 2
528 3761 636 3816 Desunt
653 3763 711 3815 tres
727 3760 847 3816 litterae.

496 3854 512 3901 3
529 3845 631 3914 Incipit
649 3846 739 3900 altera
756 3845 891 3900 columna.

494 3937 511 3983 4
529 3931 598 3983 Tres
614 3947 708 3984 versus
726 3929 842 3986 evanidi.

495 4015 573 4068 5111
591 4011 692 4069 Codex.

495 4098 618 4152 aMaius
636 4105 847 4167 recuperandam.
884 4098 989 4154 Codex:
1013 4098 1031 4152 S
1053 4143 1057 4150 .
1079 4142 1084 4150 .
1106 4144 1109 4152 .
1133 4144 1137 4151 .
1160 4144 1164 4151 .
1187 4144 1190 4151 .
1213 4141 1218 4150 .
1238 4103 1278 4154 ill:
1305 4101 1332 4153 h.
1352 4115 1375 4152 e.
1399 4105 1554 4167 sperandam

411 4185 441 4237 ut
459 4197 558 4251 margo
577 4182 697 4236 docebit.

495 4265 675 4336 'ISupplevit
696 4267 793 4321 Maius.
829 4267 974 4322 Evanuere
1002 4269 1065 4322 octo
1091 4268 1209 4322 litterae.
1246 4266 1421 4322 Heindorfius
1447 4268 1554 4321 mavult

411 4358 465 4406 dum
482 4357 556 4406 vivet.

494 4441 510 4490 8
527 4435 589 4489 Duo
607 4435 745 4489 vocabula
763 4453 807 4505 ap.
826 4436 931 4490 Maium
949 4437 1058 4490 desunt.
1094 4437 1130 4490 Et
1147 4452 1245 4505 margo
1263 4435 1296 4488 iis
1315 4437 1400 4490 caret.

494 4528 509 4575 9
529 4519 595 4573 Cod.
615 4520 816 4574 PROPELLIT
837 4563 842 4574 .
861 4519 955 4573 Nisa
977 4565 981 4574 .
1003 4565 1008 4574 .
1031 4565 1035 4574 .
1071 4520 1160 4575 Maius
1180 4537 1194 4574 e
1212 4519 1338 4588 margine
1356 4526 1453 4590 differt.

478 4612 509 4660 10
527 4604 628 4672 Incipit
646 4603 711 4659 Cod.
731 4624 758 4673 p.
778 4611 840 4672 300,
867 4622 948 4659 erasa
970 4608 1082 4675 praeter
1100 4605 1255 4673 marginem
1273 4605 1302 4658 et
1318 4621 1407 4673 parva
1425 4605 1550 4674 vestigia.

477 4696 507 4742 11
527 4687 631 4759 Supple
650 4693 704 4743 duo
722 4690 866 4743 vocabula.
