4142 5659
504 617 567 679 102
660 576 663 585 ¹
712 614 749 666 Μ.
765 613 934 698 CORNELH
952 611 1161 668 PRONTONIS
1179 612 1436 667 EPISTULARUM

449 878 454 880 ⁷
504 786 593 849 valde
616 785 684 849 volt
706 788 742 848 ut
764 784 825 848 1100
853 808 871 847 a
898 788 930 847 te
945 778 1138 867 impetrem:
1167 784 1323 848 desideria
1351 786 1459 847 autem
1486 784 1573 847 illius
1602 783 1650 846 in-

503 891 736 970 temperantem
758 909 809 950 me
832 890 865 950 et
886 886 1063 950 violentum
1077 885 1213 950 faciunt.
1250 885 1331 949 Vale
1354 886 1398 948 mi
1420 885 1650 950 iucundissime

503 989 668 1073 magister.
713 986 872 1072 Nepotem
894 990 985 1051 tuum
1008 988 1122 1051 saluta.

711 1156 753 1222 V.
783 1156 964 1224 Antonino
987 1155 1151 1239 Augusto
1174 1158 1325 1224 Domino
1347 1157 1435 1223 Meo.

544 1342 546 1345 v
589 1294 695 1358 Ante¹
724 1297 868 1378 gestum,
903 1296 977 1377 post
998 1293 1151 1376 relatum,
1183 1294 1275 1357 aiunt
1303 1294 1358 1377 qui
1385 1293 1514 1356 tabulas
1542 1293 1652 1357 sedulo

505 1395 689 1459 conficiimt.
722 1395 811 1459 Idem
833 1396 966 1459 verbum
988 1396 1144 1479 epistulae
1165 1395 1240 1458 huie
1254 1399 1471 1478 opportunum
1487 1398 1546 1478 est,
1571 1417 1652 1478 quae

503 1498 620 1561 litteris
653 1497 718 1559 tuis
751 1518 855 1578 nuper
888 1497 927 1560 ad
959 1519 1009 1560 me
1043 1495 1171 1580 scriptis
1198 1519 1286 1561 nunc
1315 1497 1441 1560 demum
1468 1497 1651 1581 respondet.

505 1599 609 1664 Causa
627 1619 735 1661 morae
756 1598 830 1681 fuit,
854 1599 948 1682 quod,
974 1621 1045 1662 eum
1060 1599 1234 1662 rescribere
1248 1598 1471 1681 instituissem,
1496 1599 1653 1681 quaedam

504 1701 604 1779 menti
628 1721 718 1763 meae
741 1721 774 1763 se
797 1700 974 1764 offerebant
996 1721 1062 1763 non
1084 1701 1210 1783 supine,
1234 1704 1271 1763 ut
1293 1699 1420 1783 dicitur,
1448 1703 1553 1763 rostro
1576 1700 1652 1763 scri-

504 1803 619 1866 benda.
665 1801 750 1864 Dein
772 1805 904 1865 senatus
927 1803 993 1865 dies
1015 1802 1214 1885 intercessit,
1245 1805 1278 1865 61
1304 1802 1340 1865 in
1362 1805 1477 1865 senatu
1502 1802 1594 1865 labor
1617 1824 1653 1865 eo

505 1898 635 1988 gravior
656 1907 843 1987 perceptus,
878 1904 962 1987 quod
991 1926 1062 1968 cum
1091 1904 1207 1987 gaudio
1236 1903 1357 1966 semul²
1381 1903 1477 1967 altius
1504 1906 1653 1987 penetra-

505 2009 609 2088 verat,
645 2005 691 2069 ita
717 2008 753 2068 ut
782 2028 854 2068 oum
881 2006 946 2068 sole
973 2009 1118 2068 ventosa.
1169 2005 1265 2068 Nunc
1294 2005 1374 2069 haec
1402 2006 1542 2088 epistula
1569 2006 1653 2089 quod

505 2129 568 2171 non
594 2128 650 2171 suo
673 2109 816 2190 tempore
838 2110 966 2190 praesto
990 2107 1015 2192 13
1038 2106 1191 2188 adfuerit,
1226 2107 1355 2170 veniam
1382 2108 1418 2170 in
1441 2107 1652 2171 relationibus

505 2209 661 2273 usitatam
681 2209 794 2292 poscit,
818 2231 860 2272 ne
881 2208 988 2272 fraudi
1011 2209 1063 2271 sit.

591 2309 694 2385 Quom
717 2310 825 2393 accepi
847 2311 971 2374 litteras
994 2313 1078 2393 tuas,
1102 2311 1149 2373 ita
1171 2310 1345 2374 rescribere
1364 2332 1546 2393 coeperam:
1569 2313 1654 2374 Ama

506 2435 556 2477 me
585 2415 622 2475 ut
651 2434 753 2494 amas,
787 2412 904 2496 inquis.
954 2411 1041 2475 Huic
1068 2404 1166 2476 uerbo
1198 2412 1390 2494 respondere
1418 2412 1514 2495 paulo
1547 2413 1653 2475 verbis

505 2515 650 2597 pluribus
677 2513 865 2576 111011111104
893 2517 957 2577 est:
986 2512 1141 2600 prolixius
1169 2515 1255 2576 enim
1284 2513 1458 2577 rescribere
1486 2515 1546 2577 tibi
1574 2518 1653 2578 tem·

506 2637 583 2698 pore
605 2614 660 2677 illo
683 2614 835 2697 solebam,
859 2637 921 2699 quo
945 2616 1088 2678 amatum
1109 2618 1142 2678 16
1164 2636 1259 2696 ame,
1283 2616 1362 2678 satis
1379 2619 1578 2698 compertum
1593 2616 1653 2679 tibi

507 2739 575 2781 esse
592 2719 666 2803 ¹tute
688 2717 839 2780 ostendis
861 2768 864 2773 ,
884 2715 966 2780 Vide
989 2738 1118 2800 quaem,
1142 2737 1184 2779 ne
1206 2720 1306 2780 temet
1332 2717 1401 2800 ipse
1424 2718 1592 2781 defrudes⁵
1622 2721 1654 2781 et

508 2819 736 2910 detrimentum
759 2819 874 2882 amoris
895 2819 981 2882 ultro
1002 2840 1131 2901 poscas:
1162 2819 1298 2901 amplius
1329 2819 1415 2882 enim
1436 2822 1530 2882 tanto
1553 2820 1655 2882 amari

507 2925 539 2985 te
563 2943 581 2983 a
603 2943 653 2984 me
675 2920 771 2984 velim
795 2920 903 2984 credas
925 2920 1021 3002 mihi,
1056 2923 1177 3003 quanto
1199 2920 1347 2983 omnibus
1374 2921 1410 2983 in
1431 2921 1526 2983 rebus
1549 2922 1655 3004 potior

508 3026 556 3086 est
579 3025 683 3086 certus
705 3045 857 3106 praesens
879 3023 1003 3086 fructus
1027 3044 1123 3106 quam
1143 3021 1245 3086 futuri
1260 3043 1332 3104 spes
1348 3022 1504 3085 incertab.
1539 3022 1668 3109 Egone

508 3124 562 3209 qui
584 3124 724 3188 indolem
745 3125 871 3208 ingenii
892 3125 960 3188 tuiss
989 3125 1025 3188 in
1052 3123 1197 3208 germine
1226 3123 1324 3186 etiam
1350 3127 1420 3187 tum
1443 3124 1532 3187 etin
1554 3123 1655 3188 herba

509 3231 541 3291 et
562 3228 598 3290 in
619 3227 696 3289 flore
720 3213 899 3309 dilexerim,
929 3248 1016 3290 nunc
1044 3225 1173 3309 frugem
1200 3225 1306 3308 ipsam
1333 3225 1497 3288 maturae⁷
1525 3226 1655 3289 virtutis

507 3350 616 3392 nonne
638 3329 739 3391 multo
761 3327 924 3411 multoque
953 3327 1090 3410 amplius
1112 3326 1287 3411 (1111361111ο
1329 3327 1412 3390 Tum
1435 3348 1495 3410 ego
1517 3327 1654 3393 stolidis-

509 3453 711 3462 ...-..-.-.----.

593 3515 611 3551 a
628 3501 662 3550 In
679 3502 803 3563 margine:
822 3496 915 3550 Labor
934 3513 996 3550 cum
1014 3494 1117 3565 gaudio
1136 3495 1158 3548 si
1182 3537 1374 3549 ........
1398 3497 1599 3564 penetraverat
1614 3494 1656 3549 ita

510 3585 541 3637 ut
560 3600 622 3636 cum
639 3581 697 3635 sole
714 3581 822 3634 ventus.

593 3665 612 3719 b
630 3669 665 3718 In
682 3671 808 3732 marpine:
828 3664 961 3718 Omnibus
979 3665 1062 3718 rebus
1080 3666 1174 3734 potior
1191 3656 1325 3734 praesens
1343 3665 1448 3718 fructus
1466 3681 1552 3733 quam
1570 3664 1655 3718 futuri

510 3767 573 3821 spes
589 3751 705 3804 incerta.
1191 3741 1192 3744 ’

595 3853 610 3888 0
630 3839 663 3887 In
679 3839 805 3901 marpine:
821 3833 887 3902 iugo
907 3834 954 3902 qui
975 3834 992 3887 i.
1011 3834 1030 3888 i.
1049 3836 1068 3889 t.
1088 3833 1106 3888 i.
1126 3851 1206 3904 germ
1225 3877 1363 3888 ......
1387 3833 1417 3886 in
1434 3833 1524 3888 herba
1540 3833 1571 3888 in
1587 3834 1654 3888 flore

510 3921 535 3973 d.
555 3939 581 3973 n.
601 3920 620 3973 f.
639 3919 657 3972 i.
677 3934 732 3971 non
752 3917 869 3987 amplius
889 3918 1021 3988 diligam?

512 4028 715 4036 —au—*q

594 4080 608 4127 1
628 4071 694 4126 (lod.
714 4087 767 4126 sec.
787 4089 823 4124 m.
843 4084 929 4126 antea.
966 4072 1004 4126 Cf.
1026 4071 1112 4126 Cicer.
1132 4072 1166 4126 de
1185 4072 1295 4126 Orator.
1315 4072 1349 4138 H,
1368 4076 1454 4136 5280.

484 4180 493 4193 ·
593 4158 670 4211 aIta
689 4155 789 4210 Codex.
826 4158 859 4210 In
876 4157 1015 4226 margine:
1033 4163 1112 4211 sirnul.
1152 4160 1246 4210 Maius.

594 4251 609 4298 3
626 4241 727 4310 Incipit
745 4241 811 4296 eod.
831 4242 894 4296 Vat.
914 4261 941 4311 p.
956 4248 996 4295 96.

593 4333 609 4380 4
628 4326 732 4381 Codex:
752 4333 859 4399 1111111101,
882 4326 931 4381 sed
953 4343 1022 4380 corr.
1060 4325 1198 4380 Credibile
1217 4328 1259 4379 est
1282 4325 1372 4380 ethic
1390 4326 1419 4379 et
1437 4324 1505 4379 alibi
1523 4325 1655 4396 scriptum

509 4413 591 4466 fuisse
609 4415 722 4465 animost.

594 4494 800 4550 1111001611.-

595 4578 695 4634 ocod.
715 4598 757 4649 pr.
777 4599 813 4633 m.
834 4585 921 4636 61101.

595 4671 618 4725 1,
629 4662 735 4718 Codex:
754 4675 870 4719 naturae.
