4142 5659
768 654 818 708 so
836 651 969 708 aurcos
987 653 1095 706 amna
1113 654 1133 706 r.
1464 655 1525 720 183

381 825 530 910 appellat.
575 824 648 910 Ego
670 847 721 890 me
743 847 846 909 neque
869 847 1021 910 graecum
1048 847 1152 909 neque
1174 825 1313 889 latinum
1335 825 1525 889 vocabulum

379 928 473 991 ullius
496 927 633 991 membri
654 949 749 992 nosse
771 927 910 1010 mallem,
935 927 1011 991 dum
1032 928 1125 991 istius
1149 927 1265 992 doloris
1289 950 1401 1012 expers
1423 928 1525 991 vitam

379 1030 528 1114 degerem
552 1078 821 1093 .........

557 1197 561 1205 ’
586 1215 685 1282 xlv.
731 1215 881 1300 (Fronto
904 1215 1092 1281 Victorino
1116 1212 1307 1300 Salutem.)

461 1353 514 1416 Ad
542 1352 644 1415 mains
673 1354 800 1435 tempus
825 1401 1521 1417 ......................

444 1505 450 1518 .
478 1455 525 1536 ,ΙΙ
549 1457 582 1518 et
596 1453 768 1518 Varianis²
790 1453 928 1518 alumnis
949 1453 1102 1517 masculis
1123 1454 1317 1537 feminisque
1340 1456 1523 1518 sestertium

378 1556 525 1622 deciens³
561 1555 699 1640 singulis
735 1551 867 1639 reliquit
903 1555 1084 1618 usurarium
1120 1556 1287 1639 proprius⁴
1320 1577 1417 1639 qnam
1452 1578 1523 1640 pro-

376 1657 525 1746 pri[um]:
554 1680 631 1721 nam
652 1657 882 1742 quinquagena
904 1680 1013 1721 annua
1037 1657 1077 1720 ab
1100 1659 1272 1742 Augusta⁵
1294 1658 1431 1742 singulis
1454 1658 1523 1721 dari

376 1761 479 1825 iussit.
525 1759 673 1842 Plerique
696 1781 817 1842 omnes,
842 1760 896 1843 qui
919 1782 989 1823 eam
1013 1763 1213 1842 curaverant,
1237 1760 1358 1823 frustra
1379 1760 1521 1824 fuerunt.

377 1861 425 1926 Ne
453 1862 556 1926 librae
584 1861 713 1944 quidem
746 1861 883 1945 singulis
916 1861 1134 1945 ponderatae⁶
1161 1865 1246 1925 sunt.
1300 1862 1381 1925 Ausi
1414 1865 1524 1926 tamen

378 1967 451 2027 sunt
479 1963 647 2026 nonnulli⁷
677 1963 752 2028 navi
781 1962 905 2027 scilieet
933 1967 966 2026 et
992 1963 1116 2026 strenui
1143 1963 1204 2027 uiri
1233 1963 1410 2047 codicillos,
1444 1986 1523 2048 quos

376 2065 565 2149 iampridem
587 2064 723 2128 Matidia
745 2065 920 2147 inciderat,
945 2065 1135 2149 obsignare,
1161 2087 1233 2128 cum
1256 2065 1312 2128 illa
1334 2066 1404 2129 sine
1426 2088 1523 2129 sensu

376 2167 440 2231 ullo
462 2167 593 2230 iaceret.
639 2167 740 2230 AusiS
770 2166 868 2230 etiam
895 2170 972 2230 sunt
1000 2166 1162 2233 codicillos
1183 2167 1263 2230 istos
1286 2167 1371 2250 apud
1379 2168 1391 2205 ⁹
1413 2167 1522 2231 Domi-

377 2292 453 2333 num
475 2268 516 2333 N.
540 2271 578 2333 ut
599 2268 698 2352 probe
721 2290 758 2332 ac
780 2271 867 2332 recte
890 2268 994 2332 factas
1022 2268 1106 2331 tueri
1133 2291 1170 2332 ao
1193 2268 1407 2332 defendere¹⁰.
1452 2268 1522 2332 Nec

377 2372 444 2436 sine
470 2374 560 2435 metu
588 2371 652 2452 fui,
687 2370 806 2454 nequid
834 2369 1036 2454 philosophia
1065 2371 1207 2452 perversi
1236 2370 1393 2434 suaderet.
1438 2369 1522 2444 Quid

377 2473 415 2536 ad
444 2495 517 2537 eum
545 2472 583 2535 de
605 2493 640 2536 re
663 2472 863 2554 scripserim,
893 2474 930 2535 ut
957 2470 1073 2554 scires,
1098 2472 1279 2555 exemplum
1306 2470 1520 2535 litterarum¹¹

376 2574 447 2638 misi
469 2572 540 2637 tibi.

458 2675 499 2739 In
532 2677 677 2739 oratione
711 2673 871 2759 Bithyna,
909 2674 998 2739 euius
1031 2679 1158 2759 partem
1192 2677 1308 2760 legisse
1335 2678 1368 2739 te
1397 2674 1520 2758 scribis,
1572 2719 1574 2723 ,

376 2777 478 2841 multa
506 2780 583 2840 sunt
610 2798 693 2840 nova
716 2776 840 2860 addita,
871 2780 908 2840 ut
930 2777 1084 2861 arbitror,
1108 2778 1209 2842 non¹²
1229 2778 1394 2843 inornate:
1434 2778 1522 2841 locus

375 2878 545 2962 inprimis
568 2878 606 2941 de
630 2880 702 2942 acta
725 2878 806 2961 vita,
830 2900 925 2962 quem
945 2880 1005 2943 tibi
1027 2879 1221 2963 placiturum
1243 2884 1331 2963 puto,
1356 2880 1383 2943 si
1405 2879 1522 2963 legeris

375 3121 474 3154 sueram
487 3098 558 3152 dixit
569 3097 686 3167 spinam,
704 3114 776 3166 quae
788 3099 872 3167 vulgo
886 3101 915 3152 et·
927 3117 944 3153 a
956 3099 1071 3154 medicis
1088 3105 1163 3167 spina
1181 3099 1380 3152 nominaretur.
1406 3098 1522 3166 Spinam

377 3185 491 3240 Glossae
509 3184 578 3238 vett.
598 3182 739 3252 explicant
756 3185 882 3238 ἄκανθαν
906 3188 950 3238 καί
969 3185 1047 3252 ἱερὸν
1066 3186 1168 3238 dercon
1186 3188 1203 3250 ἢ
1223 3184 1311 3251 ῥάχιν.
1347 3188 1520 3249 Heindorfiia.

462 3277 474 3322 1
496 3268 562 3322 Cod.
588 3286 615 3337 p.
634 3273 684 3322 314
703 3285 774 3335 quae
792 3269 918 3336 sequitur
938 3286 1052 3337 prorsus
1075 3267 1243 3332 oblitterata,
1260 3270 1309 3322 est.
1334 3268 1435 3336 Incipit
1453 3266 1519 3320 Cod.

376 3373 401 3423 p.
420 3359 482 3420 313,
505 3352 604 3408 itidem
622 3353 747 3406 obscura.
776 3353 988 3423 Inscriptionem
1006 3355 1035 3406 et
1051 3353 1144 3422 prima
1161 3354 1248 3407 verba
1264 3352 1353 3406 Maius
1372 3351 1470 3405 sumsit
1488 3368 1521 3405 ex

376 3437 477 3493 Indice.
615 3442 623 3451 “’

460 3522 547 3576 2Vel
568 3527 696 3588 Varianis,
718 3539 784 3576 nam
802 3522 887 3577 dubia
910 3526 953 3577 est
969 3524 1052 3578 lectio
1075 3523 1192 3578 Codicis.
1230 3527 1324 3579 utlaius.
1361 3522 1442 3577 Certe
1465 3537 1522 3575 non

377 3610 419 3663 est
435 3613 569 3663 Vaaianis.
604 3607 757 3661 Praeterea
774 3607 844 3662 haee
861 3608 963 3662 Maius:
982 3609 1056 3662 Num
1074 3608 1123 3662 filii
1140 3607 1243 3663 Variae
1261 3607 1394 3675 Hedonis,
1414 3606 1462 3674 qui
1479 3609 1520 3660 tu-

377 3695 437 3747 tore
457 3693 609 3746 utebantur
620 3690 706 3744 Vario
724 3691 873 3746 Hermete?
903 3692 983 3747 Certe
1002 3693 1037 3747 de
1054 3692 1156 3748 Variae
1175 3693 1230 3746 filio
1248 3693 1354 3763 pupillo
1373 3693 1465 3746 exstat
1483 3691 1522 3744 di-

377 3795 474 3832 vorum
500 3777 629 3830 Fratrum
657 3777 822 3845 rescriptum
839 3776 903 3846 Dig.
927 3778 982 3832 XL.
1008 3785 1047 3832 12.
1067 3785 1107 3832 27.
1149 3780 1300 3833 Praeterea
1317 3777 1407 3831 Varus
1427 3776 1522 3832 consul

376 3863 427 3917 fuit
445 3878 519 3917 anno
537 3860 580 3914 Pii
595 3861 760 3930 imperantis
778 3861 883 3916 ultimo.

461 3955 476 4002 3
494 3947 538 4000 lta
555 3945 652 3999 Maius.
688 3944 801 4000 Amicus
819 3946 975 4016 descripsit:
994 3947 1143 4002 UECENS.

459 4031 538 4086 ‹tlta
556 4030 657 4084 Codex.

461 4113 628 4175 5Faustina
645 4114 740 4169 Marci.
777 4120 871 4175 Maius.

460 4198 600 4254 tcodex:
618 4203 690 4252 libris
714 4231 734 4253 τ
758 4208 902 4268 ροπτῖενιιιί.
940 4202 1067 4258 Correxit
1083 4203 1180 4258 Maius.

461 4292 475 4339 7
495 4283 601 4338 Codex:
621 4288 675 4337 Aac
691 4291 714 4338 si
732 4296 814 4339 tumen
828 4293 971 4354 ponderati
987 4300 1045 4342 suat
1063 4294 1181 4343 nonnulli.
1210 4288 1336 4342 Correxit
1352 4288 1451 4344 Maius.

460 4367 562 4423 seed.
581 4386 608 4437 p.
627 4386 663 4421 m.
684 4375 736 4423 Aac
753 4379 785 4428 si.

460 4461 476 4509 9
494 4454 538 4507 lta
555 4452 656 4520 sodex,
673 4470 729 4508 non
747 4469 817 4525 apiae.

445 4546 477 4593 10
494 4538 536 4592 De
554 4554 584 4591 re
603 4537 739 4592 eiusmodi
757 4541 826 4597 citat
843 4543 977 4598 Antonini
995 4542 1162 4612 rescriptum
1180 4542 1261 4597 Caius
1279 4545 1313 4597 II.
1335 4551 1390 4599 120.
1424 4550 1520 4600 Maius.

446 4630 475 4676 11
495 4621 569 4686 Quas
588 4637 639 4675 nos
657 4624 793 4680 habemus
812 4627 848 4683 ad
867 4629 971 4683 calcem
988 4629 1036 4682 lib.
1056 4630 1090 4681 ΙΙ,
1111 4629 1147 4682 ad
1163 4628 1200 4681 M.
1221 4628 1298 4683 Caes.

445 4714 477 4762 12
494 4707 539 4761 Ita
556 4706 652 4768 Maius.
679 4708 784 4765 Codex:
812 4711 951 4768 QONUT.
978 4712 1152 4783 Sohopenus:
1175 4734 1225 4768 noa
1242 4719 1373 4779 inornate,
1397 4725 1423 4768 ut
1442 4722 1518 4770 locus.
