4142 5659
800 665 850 718 AD
868 664 1089 720 ANTONINUM
1105 666 1203 722 Pron.

617 954 720 1020 VIII.
757 953 939 1023 Antonino
961 956 1028 1022 Pio
1050 954 1213 1038 Augusto
1235 956 1384 1024 Fronto.

512 1091 650 1156 Omnem
672 1113 802 1174 operam
824 1114 874 1156 me
897 1093 1031 1176 dedisse,
1056 1092 1256 1156 sanctissime
1271 1094 1364 1177 Imp,
1388 1097 1422 1158 et
1435 1095 1571 1178 inpenso

423 1193 531 1257 studio
555 1193 680 1275 cupisse
701 1193 796 1277 fungi
818 1194 1040 1277 proconsulari
1061 1196 1222 1277 munere¹,
1247 1216 1297 1258 res
1312 1195 1382 1279 ipsa
1397 1197 1489 1260 testis
1511 1200 1569 1262 est.

422 1294 511 1358 Nam
535 1297 567 1357 et
589 1295 627 1358 de
649 1296 718 1358 iure
741 1292 911 1378 sortiendi,
935 1296 1040 1378 quoad
1062 1296 1222 1360 incertum
1244 1297 1317 1379 fuit,
1341 1297 1516 1382 disceptari
1538 1303 1571 1363 et

422 1400 597 1480 postquam
618 1397 686 1460 iure
708 1396 881 1460 liberorum
903 1397 991 1479 prior
1014 1396 1096 1461 alius
1118 1398 1278 1481 apparuit,
1303 1420 1373 1462 eam
1389 1422 1469 1483 quae
1491 1401 1571 1464 mihi

423 1498 582 1561 remansit
603 1498 895 1581 splendidissimam
917 1498 1117 1580 provinciam
1138 1520 1198 1582 pro
1220 1499 1322 1563 electa
1348 1500 1457 1565 habui.
1493 1501 1571 1565 Post

422 1600 482 1663 illa
514 1597 757 1686 quaeleumque]
793 1600 833 1663 ad
864 1600 1122 1684 11011111111111112
1143 1601 1342 1684 provinciam
1375 1603 1568 1686 adtinerent,

422 1701 637 1785 quofacilius
661 1723 679 1764 a
701 1722 752 1765 me
775 1704 867 1765 tanta
889 1703 1020 1786 negotia
1042 1724 1100 1785 per
1122 1702 1296 1766 amicorum
1317 1705 1423 1786 copias
1445 1704 1570 1769 obiren-

370 1796 374 1801 ’
422 1807 488 1884 tur,
513 1803 623 1866 sedulo
645 1803 844 1886 praeparavi.
889 1802 1091 1886 Propinquus
1114 1807 1146 1868 et
1169 1804 1287 1867 amicos
1310 1825 1412 1888 meos,
1436 1827 1571 1889 quorum

422 1905 520 1969 fidem
537 1909 570 1968 et
584 1905 807 1989 integritatem
824 1925 1047 1988 cognoveram,
1071 1906 1182 1969 domo³
1198 1905 1308 1970 accivi.
1340 1906 1571 1970 Alexandriam

423 2006 465 2070 ad
487 2007 664 2070 familiares
679 2027 766 2095 meos
789 2006 912 2088 scripsi,
936 2009 973 2069 ut
988 2006 1135 2070 Athenas
1153 2007 1365 2090 festinarent,
1390 2008 1498 2092 ibique
1520 2031 1570 2073 me

422 2108 629 2191 operirentur
637 2108 660 2191 ⁴,
683 2108 785 2191 iisque
808 2129 997 2192 graecarum
1013 2108 1222 2190 epistularum
1246 2130 1355 2172 curam
1377 2109 1570 2173 doctissimis

423 2210 502 2272 viris
525 2209 635 2273 detuli.
680 2209 730 2272 Ex
754 2208 867 2274 Cihcia
889 2209 987 2273 etiam
1009 2209 1192 2292 splendidos
1214 2211 1315 2291 viros,
1344 2211 1427 2293 quod
1449 2233 1570 2295 magna
1632 2251 1638 2271 1

422 2310 504 2374 mihi
526 2311 562 2374 111
584 2333 622 2375 ea
643 2312 810 2393 provincia
832 2311 1007 2375 amicorum
1030 2312 1122 2394 copia
1144 2315 1203 2394 est,
1228 2333 1300 2375 cum
1315 2311 1443 2394 publiea
1465 2312 1578 2395 priva--

421 2412 546 2496 timque
569 2434 694 2495 semper
715 2413 848 2497 negotia
871 2412 1006 2478 Cilicum
1028 2414 1113 2495 apud
1135 2416 1167 2477 te
1190 2413 1399 2496 defenderim,
1423 2416 1460 2477 ut
1482 2415 1569 2478 veni-

422 2516 498 2577 rent
518 2513 666 2578 hortatus
688 2537 768 2578 sum.
813 2513 863 2576 Ex
890 2513 1094 2577 Mauretania
1115 2536 1240 2599 quoque
1262 2515 1367 2578 virum
1389 2515 1570 2580 amantissi-

422 2638 511 2680 mum
537 2616 680 2699 mihique
707 2618 819 2679 mutuo
846 2637 955 2679 carum
981 2614 1100 2678 Iulium
1129 2614 1245 2680 Senem
1274 2617 1314 2679 ad
1345 2619 1416 2681 me5
1445 2620 1567 2701 vocavi,

425 2718 514 2781 cuius
537 2739 604 2782 101
626 2718 719 2780 modo
741 2717 803 2780 fide
831 2719 864 2780 et
892 2716 1076 2801 diligentia,
1110 2718 1165 2781 sed
1193 2717 1290 2781 etiam
1317 2718 1450 2782 militari
1476 2720 1569 2783 indu-

424 2820 503 2883 stria
520 2820 605 2883 circa
620 2819 818 2903 quaerendos
833 2821 867 2882 et
882 2817 1092 2882 continendos
1114 2818 1256 2883 latrones
1272 2819 1449 2884 adiuvarer.
1479 2820 1569 2886 Haec
1618 2842 1620 2845 ·

423 2922 533 2984 omnia
554 2921 618 2984 feci
641 2943 696 3004 spe
718 2921 831 3002 fretuS,
856 2941 948 3002 posse
970 2942 1021 2983 me
1044 2921 1132 2984 victu
1153 2921 1244 2984 tenui
1267 2925 1301 2985 et
1322 2942 1405 3004 aqua
1427 2923 1569 3005 potanda

423 3023 542 3086 malam
569 3023 801 3102 valetudinem,
836 3022 919 3104 qua⁶
941 3022 1112 3105 impedior,
1148 3022 1174 3084 si
1202 3044 1268 3086 non
1291 3023 1422 3086 omnino
1445 3013 1566 3106 sedare,

426 3123 536 3210 [cerlte
559 3124 600 3187 ad
621 3121 748 3210 mlaius]
779 3121 1120 3210 111111111111111111111]7
1152 3124 1290 3206 impetus
1312 3124 1472 3208 mitigare.
1517 3125 1569 3188 Ita

375 3205 383 3218 ⁶
425 3226 542 3306 evenit,
566 3227 603 3288 ut
625 3224 719 3288 solito
741 3224 860 3288 diutius
876 3224 957 3287 bene
972 3224 1112 3287 valerem
1134 3227 1166 3288 et
1187 3224 1281 3288 fortis
1304 3226 1462 3309 vigerem:
1489 3226 1567 3289 adeo

423 3330 460 3391 ut
482 3327 580 3390 etiam
603 3327 681 3389 duas
704 3326 878 3393 amicorum
907 3348 1017 3389 causas
1045 3348 1112 3390 non
1139 3326 1264 3390 minimi
1292 3327 1410 3390 laboris
1434 3329 1513 3410 aput
1534 3330 1567 3391 te

423 3432 547 3494 tutatus
587 3428 657 3491 sim.
713 3427 843 3512 Ingruit
881 3427 995 3491 deinde
1032 3430 1126 3491 tanta
1162 3428 1210 3491 vis
1240 3429 1451 3512 valetudinis,
1486 3451 1567 3512 quae

422 3531 502 3595 mihi
530 3530 729 3612 ostenderet,
758 3551 886 3593 omnem
914 3550 1003 3612 spem
1031 3529 1122 3593 illam
1150 3530 1306 3613 l⁸iaritum
1330 3534 1429 3606 luisse
1458 3580 1465 3592 .
1492 3580 1498 3592 .
1525 3580 1532 3592 .
1558 3579 1566 3594 .

430 3876 433 3890 '
510 3875 522 3920 1
541 3866 653 3936 Legesis
671 3867 708 3921 ad
724 3867 761 3921 M.
781 3866 858 3922 Caes.
876 3867 910 3920 V.
929 3873 969 3922 37.
1006 3872 1101 3921 Moira.
1417 3916 1419 3918 ,

508 3950 662 4020 2111111011
680 3951 827 4020 quaternio
845 3952 946 4017 XXXl;
969 3950 1080 4006 videtur
1103 3951 1216 4020 quidem
1238 3953 1295 4021 legi
1316 3953 1345 4007 in
1364 3953 1465 4007 Codice
1482 3954 1567 4020 XXX,

422 4038 472 4092 sed
489 4054 569 4091 error
584 4036 746 4090 manifestus
765 4037 815 4102 est,
833 4036 899 4104 quia
916 4037 989 4090 hunc
1000 4053 1146 4090 numerum
1163 4036 1221 4090 iam
1232 4038 1379 4092 habuimus
1394 4056 1422 4106 p.
1436 4044 1485 4092 381
1499 4037 1566 4091 Cod.

423 4121 555 4191 Sequitur
573 4119 640 4173 Cod.
659 4138 686 4188 p.
706 4126 764 4174 332.
784 4132 788 4138 ’

507 4214 524 4262 3
541 4206 649 4273 Nempe
667 4203 752 4259 Cirta.
789 4209 885 4259 Maius.

507 4291 585 4346 4Ita
602 4289 704 4344 Codex.

508 4382 524 4430 5
541 4374 716 4430 Vocabulum
733 4391 869 4443 suprascr.

508 4466 523 4513 6
543 4459 608 4513 eod.
627 4477 669 4527 pr.
689 4476 725 4511 m.
745 4479 826 4528 quam.

490 4545 586 4600 ,7111
602 4543 699 4597 Maius.
736 4542 848 4597 Amicus
865 4543 935 4597 vidit
952 4546 981 4598 in
1000 4543 1114 4598 Codice:
1137 4542 1259 4608 EQEC.
1276 4588 1280 4598 .
1296 4588 1301 4598 .
1317 4589 1322 4598 .
1336 4544 1376 4598 IS.

508 4635 524 4683 8
542 4626 673 4694 Sequitur
692 4627 758 4682 Cod.
777 4647 804 4697 p.
824 4634 882 4695 331,
900 4645 972 4697 quae
989 4628 1052 4681 tota
1070 4644 1150 4682 erasa
1167 4629 1216 4682 est.
1241 4630 1273 4682 In
1285 4646 1342 4697 seq.
1355 4647 1421 4698 pag.
1435 4636 1486 4685 330
1497 4629 1567 4684 nihil

422 4713 527 4784 legitur
543 4712 657 4784 praeter
674 4713 785 4771 unicam
802 4711 969 4770 sententiam
985 4712 1014 4767 in
1033 4711 1168 4782 margine.
