4142 5659
829 662 879 716 AD
896 660 1030 716 amoos
1048 661 1157 715 LIBER
1174 663 1194 715 I.
1526 663 1586 728 l85

434 835 527 899 dium
549 835 773 898 renuntiatum
788 834 890 897 oratio
906 834 1034 897 domum
1054 855 1159 896 meam
1181 836 1214 897 et
1237 854 1362 896 mecum
1378 833 1482 896 denuo
1496 855 1585 897 man-

434 937 551 1002 sitavit
575 985 879 1000 ..........
905 937 945 999 ab
969 958 1033 1000 anu
1056 934 1207 998 annulla¹
1232 984 1471 998 ........

536 1106 635 1173 xvl.
682 1068 1036 1211 (Fronto-Praecilio
1063 1104 1280 1187 Pompeiano
1304 1061 1493 1189 Salutem.)

523 1242 610 1326 Lege
640 1242 803 1306 carissime
830 1241 916 1304 mihi
941 1292 946 1304 .
981 1252 993 1304 ί
1014 1290 1583 1304 ..................

438 1395 444 1407 .
474 1394 480 1406 .
508 1395 514 1405 .
541 1345 583 1428 „a
608 1394 748 1407 .....
795 1343 939 1407 Venetus
961 1342 1084 1407 venalis
1112 1346 1170 1406 cst.
1216 1341 1285 1407 Scis
1313 1342 1373 1406 hoc
1395 1345 1586 1426 perpetuum

434 1445 578 1510 Veneti3
598 1447 702 1509 satum
731 1468 814 1529 csse,
839 1449 876 1509 ut
896 1467 1074 1529 numquam
1095 1444 1249 1526 venierit,
1276 1445 1404 1508 veniat⁴
1427 1466 1552 1527 semper
1576 1494 1583 1508 .

439 1598 718 1612 .........
730 1548 754 1631 15
778 1548 834 1611 das
858 1569 980 1611 curare.
1025 1546 1188 1610 Rescribit
1210 1545 1289 1609 mihi
1311 1546 1437 1610 litteras
1459 1532 1585 1610 1111111-

436 1651 486 1713 las
509 1651 682 1734 accepisse.
728 1649 777 1713 Tu
801 1651 943 1713 certum⁶
969 1700 974 1712 .
1002 1699 1007 1711 .
1033 1649 1145 1732 loquar
1170 1698 1409 1712 ........
1517 1704 1519 1707 ,

796 1817 917 1884 XVII.
963 1817 1032 1902 (01.
1056 1817 1228 1901 Iuliano.)

524 1954 677 2030 Habuisti
699 1955 801 2039 igitur
828 1954 913 2018 domi
944 1990 962 2016 .-
977 2003 1583 2017 ...................

436 2058 490 2122 111
511 2056 712 2120 instituimus
735 2056 926 2139 amicitiam,
956 2059 993 2119 ut
1014 2055 1094 2119 haec
1116 2056 1249 2139 vulgata
1270 2055 1378 2119 officia
1400 2056 1586 2140 neglegere·

409 2212 411 2214 .
437 2182 509 2222 mus
533 2179 607 2222 vero
630 2180 736 2221 amore
760 2158 906 2221 contenti
931 2207 1070 2220 .....
1117 2157 1198 2222 Cum
1221 2157 1323 2220 amico
1345 2157 1454 2220 omnia
1476 2178 1586 2219 amara

439 2265 471 2325 et
506 2260 613 2324 dulcia
642 2260 879 2323 communicata
911 2259 1007 2323 velim
1037 2308 1177 2322 .....
1208 2281 1244 2321 sa
1274 2308 1582 2321 ..........

438 2364 520 2427 situs
542 2362 644 2425 hunn.
669 2383 706 2424 eo
727 2361 876 2445 pervenit
897 2365 934 2425 ut
957 2364 1043 2425 esset
1063 2360 1142 2424 mihi
1157 2382 1223 2425 non
1239 2362 1367 2424 tantum
1390 2360 1584 2424 carissimus-

439 2465 503 2528 sis⁷
528 2464 583 2527 sed
605 2484 708 2546 paene
731 2464 816 2527 solus
842 2514 848 2527 .
875 2513 881 2526 .
908 2514 914 2526 .

788 2632 929 2699 xvur.
975 2633 1044 2719 (11.
1065 2609 1239 2716 ruiana)

524 2722 1583 2853 Nescioquopactolit....................¹

441 2923 447 2935 .
476 2923 481 2934 .
508 2922 514 2934 .
542 2872 585 2955 ,18
613 2892 723 2935 omues
754 2870 966 2956 provinciales
994 2870 1091 2954 loqui.
1137 2871 1241 2933 Multa
1269 2870 1368 2933 etiam
1395 2868 1585 2932 laboriosius

527 3115 538 3161 l
558 3107 647 3162 Maius
665 3108 747 3176 legit:
767 3115 890 3162 ororecetta.
926 3107 1030 3162 Verum
1050 3109 1100 3173 est,
1120 3108 1150 3159 ut
1169 3107 1275 3174 opinor,
1293 3112 1388 3159 anullo.

525 3191 772 3260 2Inscriptionem
799 3193 828 3246 et
853 3193 945 3262 prima
962 3193 1049 3247 verba
1072 3192 1157 3244 sumsi
1180 3209 1213 3245 ex
1230 3191 1332 3244 Indice.
1370 3189 1500 3256 Sequitur
1518 3189 1583 3243 Cod.

438 3299 466 3350 p.
487 3286 545 3345 294,
564 3296 636 3347 quae
655 3277 774 3331 evanida
792 3280 835 3330 est
853 3279 966 3348 praeter
983 3276 1094 3331 unicam
1112 3275 1323 3344 adnotationem
1340 3276 1369 3328 in
1388 3273 1522 3342 margine.

526 3372 541 3418 3
560 3365 604 3417 Ita
622 3360 729 3427 Codex3
757 3368 862 3416 Venetis
879 3362 977 3417 Maius.

526 3450 603 3502 4111
621 3448 722 3502 Codex.
761 3452 855 3501 Maias.

526 3533 661 3602 5lncipit
679 3531 745 3586 Cod.
767 3550 794 3600 p.
815 3539 872 3587 293.
936 3531 944 3542 ’

527 3624 542 3670 6
560 3619 631 3671 Hinc
648 3617 677 3670 in
694 3616 800 3686 pagina
818 3634 902 3684 quam
920 3616 976 3670 dixi
995 3616 1088 3670 omnia
1105 3616 1249 3685 perierunt
1265 3611 1379 3683 praeter
1396 3616 1453 3668 tres
1471 3613 1586 3668 adnota-

440 3706 531 3758 tiones
554 3702 583 3756 in
604 3703 741 3770 margine.
781 3701 870 3756 Maius
893 3702 941 3770 qui
963 3702 1016 3754 hoc
1037 3700 1134 3754 folium
1158 3701 1219 3754 loco
1241 3718 1297 3754 non
1319 3715 1368 3753 suo
1391 3699 1485 3770 posuit
1507 3716 1586 3769 prae·
1642 3756 1645 3760 ,

440 3792 520 3843 terea
531 3786 601 3842 vidit
611 3787 754 3855 Epistulae
767 3786 892 3853 titulum,
911 3786 986 3840 cuius
1005 3786 1097 3855 prima
1113 3787 1200 3840 verba
1218 3785 1303 3840 erant
1326 3790 1385 3838 Hcs
1402 3791 1499 3838 saltem.
1523 3784 1587 3852 Epi-

350 3935 352 3940 ,
441 3875 542 3928 stolam
559 3871 696 3926 inscribit:
727 3876 824 3926 Fronto
847 3876 979 3926 Victorino
1000 3876 1099 3925 Genera
1117 3875 1242 3937 Salutem,
1262 3870 1311 3924 sed
1328 3870 1444 3936 Maium,
1464 3869 1511 3937 qui
1529 3887 1586 3923 sae-

441 3957 503 4026 pius
521 3955 712 4026 Epistularum
723 3955 917 4025 inscriptiones
929 3971 984 4008 non
997 3955 1104 4008 monito
1115 3957 1221 4010 lectore
1240 3973 1274 4009 ex
1291 3955 1384 4009 Indice
1402 3954 1586 4019 transscribit,

441 4045 494 4096 hoc
517 4057 628 4110 quoque
651 4041 685 4093 de
709 4041 868 4095 coniectura
895 4040 1003 4095 dedisse
1028 4041 1159 4109 suspicor.
1197 4039 1279 4094 Certe
1300 4041 1328 4093 in
1351 4039 1443 4108 prima
1465 4038 1586 4092 editione
1675 4095 1678 4100 ,

442 4125 538 4180 scribit
555 4126 626 4179 haec
642 4126 764 4195 tantum:
799 4131 931 4180 Victorino
951 4129 1060 4180 Genero.
1096 4124 1168 4179 Satis
1187 4125 1297 4178 constat
1314 4124 1342 4176 in
1360 4124 1464 4177 talibus
1481 4122 1586 4176 Maium

442 4227 498 4264 non
515 4210 600 4264 fuisse
619 4210 865 4264 accuratissimum.
895 4208 966 4274 Quia
983 4209 1060 4262 nulla
1078 4208 1216 4262 dubitatio
1235 4209 1279 4261 est
1295 4207 1331 4261 de
1349 4207 1477 4261 foliorum
1496 4208 1585 4275 dispo·

442 4295 552 4363 sitione,
570 4295 630 4349 ficri
648 4312 704 4349 non
721 4295 816 4364 potest
834 4294 899 4362 quin
917 4295 1007 4348 lateat
1024 4294 1214 4363 fragmentum
1232 4292 1374 4360 Epistulae
1392 4291 1429 4345 ad
1447 4291 1485 4346 01.
1506 4293 1586 4345 lulia-

442 4397 515 4434 num.
552 4378 645 4433 Etiam
672 4378 701 4432 in
727 4378 824 4449 primis
852 4379 944 4433 verbis
968 4395 1075 4433 errasse
1102 4378 1206 4432 Maium
1228 4375 1366 4445 suspicor,
1398 4394 1460 4430 cum
1477 4378 1587 4445 legeret

442 4470 501 4519 Has
518 4471 607 4518 saltem
624 4480 676 4532 pro
695 4469 818 4518 Habuisti
834 4470 910 4533 ipitnr
928 4469 1007 4526 donet,
1026 4465 1058 4516 ut
1076 4462 1164 4517 estin
1181 4461 1282 4516 Iudice.

528 4557 542 4604 7
561 4549 669 4618 Nempe
687 4565 739 4617 pro
757 4555 901 4603 carissimas
919 4555 948 4603 is.

527 4641 543 4688 8
561 4633 693 4700 Sequitur
712 4632 777 4687 Cod.
797 4652 824 4702 p.
844 4639 902 4700 280,
919 4633 1000 4691 valde
1019 4633 1144 4692 obseura.
1173 4630 1386 4703 Inscriptionem
1405 4632 1434 4686 et
1451 4632 1586 4705 epistolae

443 4718 553 4774 initium
571 4717 657 4773 sumsi
675 4734 709 4772 ex
724 4716 826 4774 Iudice.
