4142 5659
590 654 640 707 An
658 654 695 708 u.
711 653 903 710 causamn
920 621 967 711 ab
986 657 1138 714 lavican
1155 653 1263 710 urana
1280 651 1340 708 nn.
1503 665 1544 731 75

394 829 433 892 ad
455 827 541 891 filiae
562 830 638 890 tuae
660 826 854 909 periculum:
882 850 954 890 cum
977 829 1095 911 alioqui
1117 833 1150 892 te
1172 829 1300 912 quidem
1321 833 1412 916 mihi,
1443 835 1543 899 filiam

393 951 467 994 vero
490 933 580 992 tuam
603 929 701 992 etiam
722 928 814 1020 tibia,
839 931 875 991 ut
896 949 956 1012 par
978 933 1036 1013 est,
1068 931 1274 1013 superstitem
1298 934 1434 1016 cupiam.
1481 936 1543 1000 Sed

392 1034 472 1096 heus
495 1035 531 1095 tu
553 1019 686 1112 videbis,
711 1053 751 1094 ne
773 1030 897 1094 delator
917 1031 1047 1114 mistae,
1071 1053 1151 1095 neve
1166 1033 1285 1097 indicio
1301 1042 1434 1116 pareas¹
1458 1040 1543 1120 apud

393 1135 508 1216 filiam,
537 1133 725 1216 quasivero
748 1153 807 1216 ego
836 1135 868 1195 te
887 1132 910 1217 1²
932 1154 1028 1215 quam
1055 1132 1145 1196 illam
1166 1135 1270 1218 magis
1290 1135 1433 1220 diligam.
1457 1139 1542 1203 Nam

393 1235 572 1321 periculum
595 1236 654 1316 est,
678 1256 719 1296 ne
742 1234 799 1297 en3
823 1256 860 1297 ea
883 1255 916 1297 re
938 1234 1005 1297 filia
1028 1236 1085 1297 tua
1109 1238 1277 1317 commota,
1309 1238 1364 1299 ut⁴
1393 1243 1442 1302 est
1469 1262 1541 1324 gra-

393 1338 440 1401 vis
464 1340 497 1401 et
518 1336 625 1420 prisca
647 1335 779 1418 femina,
803 1336 948 1419 poscenti
971 1335 1051 1398 mihi
1073 1358 1187 1399 manus
1216 1340 1248 1398 et
1272 1338 1403 1421 plantas
1426 1342 1466 1404 ad
1493 1364 1542 1405 sa-

392 1439 546 1502 viandum
569 1459 606 1501 ea
637 1459 733 1501 causa
760 1437 873 1500 iratior
901 1436 1071 1500 subtrahat
1099 1441 1155 1500 aut
1182 1441 1348 1521 gravatius
1380 1444 1541 1528 porrigat:

394 1541 483 1604 cuius
506 1560 566 1623 ego
589 1540 660 1603 dei⁵
682 1539 773 1602 boni!
797 1560 912 1602 manus
935 1539 1083 1621 parvolas
1105 1538 1297 1623 plantasque
1319 1541 1391 1604 illas
1414 1544 1541 1628 pingni-

393 1642 481 1705 cnlas
510 1644 579 1704 tum
607 1641 760 1704 libentius
795 1640 1003 1704 exosculabor
1038 1663 1134 1723 quam
1167 1644 1239 1705 tuas
1269 1643 1407 1709 cervices
1435 1648 1543 1730 regias

391 1747 545 1827 turmaque
569 1766 604 1807 os
626 1742 763 1826 probum
786 1744 819 1805 et
839 1742 990 1805 facetum.

636 1939 637 1942 ¹
748 1910 859 1977 XIlI.
892 1910 1066 1992 Magistro
1088 1910 1177 1976 Meo.

478 2049 512 2114 O.
536 2049 703 2112 Aufidiusss
726 2047 850 2111 animos
872 2047 974 2129 tollit,
1005 2047 1197 2110 arbitratum
1228 2070 1321 2112 suurn
1353 2052 1388 2114 in
1417 2053 1540 2117 caelum

389 2153 469 2215 fert:
492 2155 594 2235 negat
622 2173 655 2214 se
678 2149 841 2213 hominem
863 2149 1039 2230 iustiorem,
1064 2170 1105 2211 ne
1128 2149 1204 2232 quid
1226 2149 1465 2217 immoderatius
1494 2156 1539 2218 di-

391 2277 472 2337 cam,
497 2276 535 2317 ex
557 2252 693 2317 Umbria
714 2251 816 2314 ullum
839 2251 937 2313 alium
959 2249 1097 2313 Romam
1119 2251 1254 2314 venisse.
1285 2250 1367 2326 Quid
1390 2257 1540 2338 qnaeris?

389 2355 529 2419 iudicem
551 2377 585 2418 se
608 2377 703 2438 quam
725 2354 885 2428 oratorem
907 2351 974 2415 volt
995 2351 1137 2441 laudari:
1167 2375 1239 2415 cnm
1265 2353 1362 2437 rideo,
1387 2357 1539 2440 despicit:

388 2457 485 2521 facile
519 2479 587 2520 esse
619 2456 665 2519 ait
698 2455 891 2519 oscitantem
922 2453 1019 2516 iudici
1052 2454 1204 2536 assidere,
1240 2458 1381 2520 ceterum
1401 2459 1540 2541 quidem

388 2561 531 2624 iudicare
553 2557 756 2642 praeclarum
778 2578 867 2639 opus.
897 2554 1045 2618 Haecin
1068 2577 1128 2618 me.
1157 2555 1219 2620 Sed
1241 2559 1350 2621 tamen
1372 2562 1539 2644 negotium

389 2662 473 2725 belle
495 2683 529 2724 se
552 2661 648 2723 dedit.
672 2659 809 2740 Benest3
842 2658 976 2741 gaudeo
1001 2656 1088 2720 Tuus
1112 2657 1267 2720 adventus
1290 2682 1340 2724 me
1364 2683 1436 2725 cum
1452 2662 1537 2746 beat,

388 2763 478 2827 tum⁷
501 2761 669 2826 sollicitat:
694 2782 750 2824 cur
771 2761 855 2847 beet,
886 2780 980 2821 nemo
1003 2762 1156 2842 quaerat3
1183 2781 1279 2843 quam
1301 2761 1342 2826 ob
1364 2784 1432 2826 rem
1454 2764 1538 2826 solli-

389 2865 479 2948 citet,
514 2885 574 2948 ego
597 2863 720 2926 medius
742 2861 837 2924 fidius
863 2860 990 2924 fatebor
1015 2860 1086 2924 tibi.
1110 2861 1196 2926 Nam
1224 2865 1307 2947 quod
1335 2865 1539 2929 scribendum

388 2966 515 3049 dedisti,
540 2987 581 3028 ne
605 2964 772 3049 paululum
787 2963 915 3047 quidem
937 2984 1052 3045 operae
1076 2963 1115 3046 ei,
1133 2964 1278 3047 quamvis
1300 2967 1430 3048 otiosus,
1456 2966 1537 3030 dedi.
1615 3008 1622 3022 .

388 3066 574 3139 Aristonis8
596 3065 669 3132 libri
686 3087 737 3129 me
752 3067 814 3128 hac
828 3067 1020 3148 tempestate
1036 3065 1118 3128 bene
1138 3066 1311 3148 accipiunt,
1337 3070 1431 3150 atque
1454 3067 1539 3131 idem

388 3170 512 3233 habent
538 3167 638 3231 male:
670 3189 742 3231 cum
769 3167 886 3230 docent
913 3167 1055 3250 meliora,
1090 3169 1159 3228 tum
1187 3167 1310 3230 scilicet
1341 3163 1423 3232 bene
1457 3169 1538 3232 acci-

388 3273 500 3357 piunt3
524 3292 596 3334 curu
618 3291 693 3333 vero
716 3269 905 3350 ostendunt,
930 3271 1086 3352 quantum
1109 3268 1149 3330 ab
1171 3267 1221 3331 his
1243 3268 1427 3332 melioribus
1448 3270 1537 3354 inge-

388 3374 481 3437 nium
498 3372 522 3458 49
538 3393 645 3436 meum
674 3370 822 3434 relictum
851 3370 894 3433 sit
900 3419 909 3451 ,
938 3369 1034 3435 nimis
1063 3392 1159 3454 quam
1188 3392 1283 3454 saepe
1306 3370 1465 3435 erubescit
1493 3370 1537 3434 di-

388 3475 530 3558 scipulus
559 3476 634 3538 tuns
663 3473 786 3556 sibique
817 3474 991 3559 suscenset,
1022 3473 1105 3555 quod
1127 3473 1245 3557 viginti
1273 3473 1413 3556 quinque
1441 3476 1537 3538 natus

389 3598 493 3640 annos
519 3573 680 3639 nihildum
702 3576 870 3642 bonarum
900 3573 1090 3656 opinionum
1124 3576 1155 3637 et
1183 3574 1348 3657 puriorum
1375 3574 1538 3640 rationum

476 3768 543 3818 alo
562 3767 688 3830 marpine:
708 3762 748 3816 Te
767 3759 881 3829 quidem
899 3760 1128 3829 -superstitem
1148 3759 1287 3829 [cupiaml.

425 3951 432 3955 ’
478 3956 490 4002 1
508 3949 622 4003 Lachm.
642 3948 678 4002 ad
696 3949 804 4002 Lucret.
823 3966 851 4016 p.
862 3952 924 4001 405:
943 3963 1022 4002 meve
1040 3952 1134 4002 indicio
1151 3948 1255 4019 prodas
1267 3978 1300 3988 -
1313 3956 1387 4018 quasi
1403 3966 1467 4004 vere
1480 3970 1535 4019 epo.

474 4041 489 4088 2
507 4033 615 4102 Incipit
627 4033 694 4086 Cod.
713 4032 777 4087 Vat.
796 4050 824 4101 p.
840 4037 896 4087 138.
1389 4044 1391 4046 ’

474 4127 490 4175 3
508 4117 580 4173 Add.
600 4136 673 4187 supr.
692 4117 739 4172 lin.

473 4202 578 4259 4Add.
598 4220 651 4257 sec.
670 4221 707 4256 m.
736 4205 738 4208 ⁴

475 4288 568 4343 5Sec.
587 4306 638 4341 m:
658 4293 692 4341 di.
980 4331 984 4350 ,

474 4372 689 4438 6Pisanrensis‚
717 4374 749 4426 ut
771 4372 888 4426 videtur.
924 4371 1010 4425 Duxit
1031 4372 1180 4431 Frontonis
1202 4373 1294 4432 filiam,
1332 4373 1365 4430 cs.
1389 4371 1475 4446 Epist.
1499 4371 1536 4431 ad

386 4458 475 4513 Amic.
494 4458 529 4526 Il,
543 4465 582 4512 10.
678 4492 680 4497 »

474 4551 488 4597 7
508 4541 613 4596 Codex:
633 4548 738 4596 beatum.
777 4541 853 4596 Corr.
872 4541 968 4596 Maius

473 4635 489 4683 8
508 4627 541 4680 cf.
561 4625 642 4694 Diog.
661 4626 752 4680 Lacrt.
771 4625 831 4692 Vll,
844 4633 867 4680 2.

474 4719 490 4767 9
507 4711 608 4783 Incipit
626 4709 692 4768 Cod.
712 4710 775 4766 Vat.
795 4730 822 4784 p.
838 4718 894 4769 137.
