4142 5659
520 604 587 715 ’246
863 649 899 700 M.
920 646 1091 701 CORNELII
1109 645 1326 699 recrrcrrs
1406 688 1413 700 ,

526 821 714 899 έργαεαίμην
748 794 844 885 ούύὲν
882 819 955 883 οὐδ’
983 819 1139 897 ὀναίμην1
1168 818 1347 882 οὐδέποτε
1350 868 1473 881 .....
1482 818 1495 856 ²
1523 819 1555 883 ἐξ
1585 819 1679 883 οἴκου

525 924 621 1004 φαεὶν
645 923 689 986 εἰ(
704 921 796 1001 οἶκον
812 924 981 1000 μετελθεῖν.
1005 920 1177 998 Ἐννόηεον
1201 922 1236 983 δέ
1258 921 1399 998 κάκεῖνο,
1423 920 1480 998 ὅεη
1509 921 1611 999 ἡδονὴ
1631 929 1679 1004 τῷ

527 1027 687 1107 πέμψαντι
710 1025 912 1104 ληφθέντων,
937 1022 993 1100 ὅεη
1016 1023 1100 1100 λύπη
1130 1023 1169 1101 μὴ
1194 1024 1385 1123 ληφθέῇων
1414 1022 1601 1097 ἐγγίγνεται.
1647 1025 1680 1086 Εἰ

525 1128 562 1190 τὸ
579 1127 744 1205 καθαρὸν.
765 1176 771 1189 .
789 1127 839 1189 καὶ
861 1125 938 1204 μετὰ
961 1146 1005 1187 πο
1029 1175 1058 1186 ..
1082 1125 1248 1204 προειέναι
1271 1124 1351 1188 εοι3.
1382 1124 1549 1188 Πιετεύοιε
1578 1127 1613 1188 οὲ
1636 1127 1680 1188 οἱ·
1773 1153 1775 1155 ·

525 1249 617 1294 καιον
640 1228 722 1294 εἶναι
743 1229 802 1293 τὸν
826 1227 927 1305 νόμον
950 1233 1017 1290 τῶν
1040 1246 1074 1288 τε
1097 1225 1228 1291 πόλεων
1251 1227 1301 1290 καὶ
1324 1233 1408 1291 θεῶν
1432 1227 1483 1290 καὶ
1507 1226 1615 1307 φίλων
1638 1279 1644 1290 ,
1672 1276 1678 1288 .

526 1331 611 1414 φίλῳ
640 1333 675 1394 δὲ
704 1330 763 1408 οὐχ
792 1330 975 1394 ύιετούτον
1005 1328 1253 1419 ἐπιδεικνύντων
1277 1328 1393 1407 θράεοε
1419 1328 1566 1407 εύνοὶαε,
1596 1329 1680 1392 ἀλλὰ

527 1433 577 1495 καὶ
603 1433 729 1496 τούτων
761 1429 963 1508 ύποδέουειέ,
998 1430 1127 1510 ἔπεμψα
1160 1431 1198 1493 τὸ
1231 1430 1306 1508 πρὶν
1341 1430 1523 1514 ἐπιτρέψῃε.
1569 1430 1611 1494 (ι)
1645 1431 1680 1493 δὲ

528 1535 605 1612 μηδὲ
627 1555 696 1613 τιμη
720 1585 726 1596 .
750 1534 777 1596 ,⁵
801 1535 865 1618 ᾧγε
889 1532 952 1596 ἔδει
975 1533 1051 1611 μηδ’
1073 1532 1164 1597 ἅπαξ.

791 1650 829 1714 V.
853 1653 1059 1735 Ἀππιανῷ
1082 1651 1185 1728 παρὰ
1208 1651 1458 1729 Φρόντωνοε.

615 1753 681 1817 Οὐκ
710 1753 863 1833 ἀπομήεει
897 1754 954 1831 μὲν
990 1753 1084 1816 οὐθ’6
1113 1753 1235 1818 ἐκεῖνο(
1267 1759 1414 1819 πιθανῶν
1443 1753 1553 1838 λόγων
1577 1754 1679 1818 ὅετιε7

529 1857 612 1932 πρὸ(
641 1856 678 1919 τὸ
708 1862 839 1933 πρῶτον
868 1854 1029 1933 ἐνθύμημα
1064 1860 1131 1920 τῶν
1166 1853 1250 1918 ὑπὸ8
1279 1858 1336 1917 εού
1365 1856 1590 1933 προτεθέντων
1618 1857 1679 1922 ἑνί-

534 1978 648 2033 εταιτο,
672 1956 717 2019 ωε
739 1958 780 2035 μὴ
804 1955 891 2020 οέοι9
916 1957 1044 2019 έπεεθαι
1071 1959 1139 2020 τοῖε
1161 1960 1281 2020 κοινοῑε
1302 1956 1342 2020 τὰ
1363 1955 1436 2019 ἴδια,
1479 1958 1596 2021 Πολλὰ
1617 1959 1679 2035 γὰρ

535 2058 589 2135 έθη
613 2060 663 2121 καὶ
685 2058 801 2137 νόμιμα
823 2059 915 2123 κοινὰ
942 2061 1009 2121 ταῑε
1032 2057 1167 2150 πόλεειν,
1191 2059 1240 2121 καὶ
1266 2057 1330 2121 ἴδια
1352 2062 1421 2122 τοῑε
1443 2060 1518 2122 καθ’
1547 2060 1678 2124 έκαετον

533 2149 777 2243 ἠ1λέοολιμιία
794 2175 823 2227 in
842 2173 942 2228 Codice
960 2174 1054 2243 potius
1073 2174 1178 2227 ducunt
1196 2174 1232 2227 sd
1250 2177 1406 2242 ὀνιναίμην.

616 2267 631 2312 2
649 2261 779 2313 Absurde
796 2261 861 2312 sunt
879 2260 907 2313 et
925 2259 1022 2312 contra
1040 2259 1123 2313 fidem
1144 2258 1252 2312 Codicis
1270 2277 1342 2326 quse
1360 2260 1450 2313 Maius
1473 2252 1563 2314 edidit
1585 2261 1679 2314 vertit

531 2362 584 2411 que
603 2345 673 2398 adeo
691 2344 789 2398 latine:
809 2345 875 2397 οὐδὲ
894 2343 1013 2411 ὀναίμην
1032 2345 1098 2397 οὐδέ
1117 2362 1188 2398 ποτε
1208 2345 1277 2411 [δέοι
1295 2345 1334 2397 ωε
1347 2346 1378 2398 ἐν
1390 2352 1433 2412 τῷ
1450 2347 1575 2413 θεάτρῳ]
1596 2349 1678 2412 φαελν

532 2431 574 2496 [δε
594 2431 643 2496 μή]
665 2432 761 2494 μιεθὸν
781 2431 868 2495 εἶχον,
888 2430 914 2482 ἑξ
933 2430 1012 2482 οἴκου
1032 2428 1072 2482 εἰε
1090 2429 1171 2482 οἶκον
1191 2430 1223 2493 μέ
1235 2445 1268 2493 γε
1280 2433 1376 2482 πιθεῖν.
1395 2428 1508 2482 Amicus
1522 2429 1677 2499 descripsit:
1755 2453 1760 2457 ·

885 2573 1083 2634 ΠΟΤΕΜΕΟΛ
1103 2622 1109 2634 .
1129 2623 1134 2633 .
1156 2514 1292 2635 ΑΜΕῗλύύ

887 2649 1276 2703 ΝΕΙΧΟΝΕΞΟΙΚΟΥΦΑΕΙΝ
1308 2690 1309 2693 ¹

532 2731 647 2785 Collatis
665 2732 698 2785 iis
718 2750 789 2800 quae
807 2733 897 2814 Maius
915 2749 943 2786 se
961 2733 1063 2800 legisse
1081 2734 1216 2799 testatur,
1235 2735 1326 2802 possis
1344 2735 1424 2788 verbi
1442 2752 1539 2789 causa:
1571 2739 1677 2804 οὐδαμῇ

532 2817 700 2884 ἐργαεαίμην
713 2819 796 2870 ούδέν
810 2818 876 2870 ούδὲ
888 2817 1035 2884 ὀνιναίμην
1048 2819 1186 2872 οὐδέποτε
1199 2821 1264 2872 δέον
1276 2821 1339 2872 τινὰ
1353 2822 1449 2883 μιεθὸν
1468 2823 1549 2874 λιτὸν
1561 2822 1590 2875 ἐξ
1603 2823 1678 2875 οἴκου

531 2904 616 2967 φαεὶν
634 2902 674 2955 εἰε
692 2904 773 2956 οἶκον
791 2905 945 2967 μετελθεῖν.
976 2902 1048 2954 Illud
1068 2906 1214 2967 μετελθεῖν
1232 2902 1301 2955 mihi
1319 2903 1386 2956 setis
1405 2905 1513 2958 certum
1525 2904 1635 2958 videtur
1652 2906 1679 2958 et

531 2984 611 3054 posui
629 2984 658 3038 in
674 2987 761 3049 textu.

599 3077 614 3124 3
633 3071 676 3124 lta
693 3070 791 3125 Maius.
826 3070 940 3124 Amicus
957 3070 1040 3124 vidit:

490 3168 494 3171 2
1152 3141 1296 3194 ΚΑΘΑΡΟ
1317 3184 1322 3193 .

891 3250 896 3260 .
918 3248 1194 3261 ...........
1216 3202 1269 3262 ΚΑΙ
1291 3250 1296 3260 .
1318 3250 1323 3260 .

889 3317 1055 3328 .......
1074 3275 1227 3329 ΠΡΟΕΕΙ(
1247 3319 1252 3328 .
1273 3276 1294 3328 Α
1318 3319 1323 3328 .

532 3425 607 3479 Nihil
625 3425 693 3479 satis
712 3428 818 3479 eertum
837 3346 996 3495 exsiulierc
1014 3428 1102 3496 potui.

616 3511 875 3578 4Reprsesentsvi
902 3511 1052 3565 lectionem
1074 3511 1153 3578 Maii,
1186 3512 1252 3579 quia
1278 3531 1335 3566 non
1361 3513 1498 3567 succurrit
1524 3518 1602 3568 certa
1628 3515 1680 3567 loci

533 3594 698 3648 emendatio.
736 3595 780 3647 ru
796 3594 867 3647 Pseu
884 3594 966 3647 vicis:
1168 3581 1175 3589 “

795 3913 799 3919 .
871 3838 958 3917 ΔΕ
973 3840 1010 3919 s.
1032 3840 1091 3919 ....
1092 3801 1491 3922 T'O‘Y‘Tcllmiriiiaxvtvrwv
1514 3871 1614 3936 θράεοε
1637 3871 1679 3923 εύ-

420 3978 428 4003 ·,
533 3949 611 4002 rota(
630 3949 927 4002 ΑΛΛΛΝΑΙΤΟΝΤΩΝ
947 3950 1103 4004 ύποδέουει,
1123 3951 1220 4004 Malim
1237 3953 1309 4005 fere:
1328 3953 1424 4019 φίλων
1443 3954 1472 4006 δὲ
1490 3955 1525 4007 οιί
1544 3961 1679 4009 τοεούτον

533 4034 754 4088 ἐπιδεικνύντων
773 4033 873 4100 θμάεοε
891 4035 1001 4088 ἑννοίας
1020 4037 1092 4088 ἀλλὰ
1111 4037 1315 4090 λανθανόντων
1328 4039 1386 4090 ὑπὸ
1399 4039 1486 4103 δέουε,
1503 4040 1612 4105 ἔπεμψ’
1625 4041 1679 4104 ἐγὼ

533 4122 600 4186 πρὶν
622 4119 781 4188 ἐπιτρέψηε.
819 4117 950 4171 Similiter
967 4119 1030 4172 »iem
1047 4118 1201 4185 Iaccbsius‚
1228 4122 1277 4173 sed
1294 4123 1422 4190 praestat
1440 4139 1458 4176 a
1475 4122 1580 4176 talibus
1599 4123 1680 4177 absti-

531 4220 598 4258 nere
615 4220 721 4256 manus.

618 4288 695 4341 clla
716 4287 813 4343 Maius.
850 4286 943 4363 Codex
965 4305 1038 4341 nunc
1055 4288 1153 4341 hebet:
1177 4332 1290 4344 .....
1308 4292 1403 4346 ΠΗΙΕ.
1439 4292 1622 4346 Niebuhrius:
1649 4297 1679 4349 (ὺ
1722 4339 1726 4347 .

533 4374 617 4440 δὲμὴ
637 4375 771 4440 δεύτερον
789 4374 960 4440 ἀποπέμψῃ(
979 4376 1036 4442 ιλιγε
1055 4375 1110 4427 ἔδει
1129 4377 1196 4441 μηδ’
1214 4376 1296 4430 ἅπαξ.

618 4464 634 4511 6
653 4456 719 4510 Ood.
740 4459 792 4510 οὐκ
811 4458 1030 4525 ἀπορηεελμενοε
1050 4459 1080 4511 δὲ
1098 4460 1136 4511 ἐκ.

528 4583 531 4588 .
618 4547 632 4595 7
653 4540 717 4594 Cod.
737 4540 785 4594 ita.

618 4631 634 4679 8
654 4619 719 4678 Ocd.
739 4627 803 4679 ἀπό.

619 4717 634 4764 θ
654 4709 720 4764 Ood.
741 4712 809 4778 δήοι.
