4142 5659
738 652 923 706 PRINCIPIA
940 652 1144 706 HISTORIAE.
1453 654 1516 716 203

367 846 438 887 uun
460 824 606 908 profecto
628 823 790 887 uberrima
819 823 952 906 ingenia
977 823 1098 886 frustra
1127 823 1275 904 fuissent,
1304 823 1368 886 nisi
1391 823 1515 906 magni-

369 925 436 989 ficis
459 947 493 988 se
515 926 610 988 rebus
633 924 810 988 scribendis
833 927 1061 1007 occupassent:
1084 925 1223 1007 itemque
1238 923 1302 987 nisi
1316 946 1375 1007 pro
1391 925 1515 1008 magni-

369 1027 479 1090 tudine
509 1048 615 1089 rerum
643 1029 807 1110 gestarum
836 1025 1028 1089 scribtorum
1057 1047 1181 1109 quoque
1203 1025 1338 1110 ingenia
1362 1046 1516 1110 congrue-

370 1132 465 1191 renta
494 1175 1215 1191 ......................
1227 1128 1250 1209 {¹
1285 1125 1418 1190 Herculi
1447 1148 1515 1190 eru-

370 1251 462 1292 mnae
487 1229 629 1305 celebres
656 1230 683 1291 si
712 1226 789 1315 [non
818 1230 865 1312 re]
889 1229 997 1310 etiam,
1027 1228 1216 1311 disciplinae
1240 1277 1381 1292 .....
1405 1215 1515 1291 latim-

369 1351 441 1394 vero
464 1331 556 1393 fandi
579 1331 759 1414 agendique
774 1329 921 1393 laudibus
943 1331 1040 1413 longe
1055 1329 1350 1412 praestantissimus
1373 1330 1515 1393 omnium

371 1431 449 1495 Cato
478 1431 610 1495 Porcius
636 1479 842 1494 .......
872 1431 907 1494 in
935 1431 1068 1494 navium
1091 1482 1097 1493 .
1124 1431 1151 1492 .²
1174 1430 1251 1493 deus
1274 1431 1305 1494 al
1331 1480 1337 1493 .
1364 1481 1371 1493 .
1397 1482 1403 1494 .
1430 1431 1459 1492 .3
1481 1432 1516 1494 in

371 1582 377 1595 .
402 1533 431 1595 ,⁴
459 1535 512 1595 tur
539 1532 652 1595 tuendi
681 1532 748 1595 eius
777 1552 854 1616 ergo
882 1532 1121 1595 denominatus:
1151 1531 1197 1594 ita
1224 1531 1304 1595 Cato
1339 1532 1516 1615 oppidatim

369 1633 483 1696 statuis
506 1633 679 1716 ornandus,
704 1633 756 1716 qui
780 1633 917 1715 primam
937 1633 1029 1696 latini
1053 1633 1193 1696 nominis
1216 1633 1358 1696 subolem
1381 1636 1413 1696 et
1427 1633 1516 1700 Itali·
1623 1709 1625 1712 Ι

370 1756 479 1798 carum
501 1734 664 1818 originum
685 1734 839 1818 puerities
861 1734 1049 1797 inlustravit
1073 1783 1514 1798 ..............

370 1885 612 1900 ........
624 1838 648 1919 2⁵
674 1886 680 1898 .
706 1887 712 1899 .
739 1834 936 1910 ..Quantum
958 1857 977 1898 a
999 1836 1168 1918 stipendiis
1184 1836 1246 1899 ocii
1262 1836 1382 1918 datum,
1407 1835 1442 1898 in
1465 1858 1516 1898 ve-

369 1939 476 2001 nando
499 1937 694 2020 occupatur⁶
719 1986 1059 2000 ...........
1070 1937 1094 2020 l⁷
1118 1989 1124 2000 .
1152 1987 1159 2000 .
1186 1987 1192 2000 .
1216 1937 1391 2020 Imperium
1406 1937 1515 2020 populi

368 2037 506 2102 Romani
530 2039 570 2102 ad
591 2037 725 2101 flumina
747 2037 878 2100 hostilia
900 2038 1102 2121 porrectum8
1127 2089 1184 2100 ...
1209 2038 1358 2121 principa
1383 2089 1388 2101 .
1414 2089 1420 2101 .
1446 2060 1517 2102 cum

368 2139 457 2222 pueri
488 2191 495 2203 .
521 2190 528 2202 .
558 2142 591 2202 ct
623 2139 722 2201 mihi9
757 2189 764 2201 .
791 2189 797 2201 .
824 2189 830 2201 .
857 2188 863 2201 .
899 2138 1048 2203 Liberum
1078 2140 1200 2202 amanti
1235 2143 1284 2202 est
1318 2138 1517 2222 inculpatum

368 2241 541 2304 silentium.
587 2240 733 2324 Namque
757 2241 856 2304 ceteri
878 2241 1028 2304 mortales
1044 2240 1206 2324 praesenti
1230 2240 1280 2304 die
1298 2239 1516 2330 mentiuntur3
1538 2233 1541 2237 ’

368 2322 561 2417 scribtorum
594 2342 763 2405 mendacia
797 2345 865 2404 tam
894 2342 1021 2425 eulpam
1048 2364 1144 2424 quam
1176 2342 1363 2404 memoriam
1391 2346 1517 2404 merent

369 2443 599 2526 sempiternam
1502 2442 1515 2481 b
1580 2451 1582 2453 ’

369 2545 567 2608 comminisci
599 2595 604 2607 .
631 2596 637 2607 .
667 2566 788 2627 parem.
835 2543 920 2607 Nam
950 2596 956 2608 .
983 2595 989 2608 .
1019 2553 1181 2628 praesenti
1214 2544 1263 2608 die
1293 2544 1443 2606 minuunt
1474 2592 1481 2607 .
1508 2593 1514 2605 .

368 2647 465 2710 immo
493 2667 560 2709 non
589 2650 637 2709 est
662 2697 668 2709 .
696 2697 702 2709 .
727 2667 838 2730 gens.
865 2696 871 2708 .
897 2649 1018 2710 certum
1042 2646 1090 2710 est
1114 2697 1120 2708 .
1146 2697 1152 2708 .
1179 2697 1185 2710 .
1209 2646 1310 2709 fratre
1341 2694 1513 2708 ......

371 2796 377 2811 .
403 2797 410 2811 .
436 2747 490 2830 .l¹¹
519 2797 526 2811 .
552 2798 558 2823 ,
585 2798 592 2811 .
618 2799 624 2811 .
654 2747 865 2811 Macedonum
894 2748 1003 2830 opes¹²
1030 2747 1184 2811 torrentis
1213 2748 1306 2811 modo
1336 2768 1456 2831 magna
1485 2747 1517 2810 vi

453 3001 470 3037 a
488 2984 819 3053 Inmorpine:Homerum
829 2983 903 3037 dicit.
921 2981 1078 3053 Xenophon
1086 2982 1132 3038 hio
1141 2983 1192 3036 sub
1203 2982 1275 3052 Cyro
1285 2983 1425 3052 stipendia
1434 2983 1506 3037 fecit.

451 3069 470 3121 b
490 3074 523 3122 In
540 3075 669 3137 margine:
687 3067 762 3123 Ordo
780 3085 930 3137 regnorum
948 3070 1014 3122 ante
1031 3068 1159 3122 Romam.
1179 3079 1243 3120 tum:
1260 3067 1375 3121 humani
1395 3111 1400 3121 .
1422 3111 1426 3121 .
1447 3088 1465 3121 n
1484 3110 1490 3122 .

370 3153 656 3210 ...se...tutei.

456 3347 467 3392 1
488 3339 620 3406 Sequitur
639 3338 704 3393 Cod.
724 3359 751 3409 p.
772 3346 833 3404 2653
854 3341 1004 3408 supersunt
1023 3341 1081 3393 tres
1100 3338 1254 3392 sententiae
1272 3338 1301 3390 in
1319 3338 1453 3406 margine.

453 3431 469 3476 2
487 3424 633 3477 Perierunt
653 3424 774 3491 quinque
792 3423 913 3479 litterae.

454 3515 470 3561 3
489 3508 560 3561 Item
578 3510 711 3576 quattuor
728 3509 848 3562 litterae.

454 3596 470 3644 4
488 3593 559 3645 Item
578 3593 650 3646 duae
669 3593 791 3647 litterae.

454 3683 469 3730 ὅ
489 3675 619 3744 Sequitur
637 3679 669 3730 ut
686 3677 796 3731 videtur
811 3697 837 3746 p.
852 3682 910 3742 268,
929 3677 956 3728 in
977 3694 1031 3743 qua
1049 3694 1192 3745 perpauca
1211 3676 1268 3745 legi
1285 3679 1411 3745 possunt,
1431 3695 1518 3744 eaque

370 3759 397 3813 in
415 3760 543 3829 margine
562 3778 616 3814 sec.
636 3763 754 3816 column.
774 3761 821 3815 inf.

454 3851 470 3897 6
487 3845 578 3899 Maius
595 3845 666 3914 legit
684 3857 829 3914 occupatus.

457 3936 471 3982 7
490 3919 649 3998 Sequuntur
662 3929 729 3984 Cod.
743 3947 829 4000 pagg.
844 3935 901 3994 267,
914 3936 972 3995 270,
986 3936 1045 3996 269,
1058 3930 1087 3982 in
1101 3930 1201 3997 quibus
1213 3947 1328 3999 prorsus
1342 3930 1410 3984 nihil
1423 3930 1519 3984 distin-

372 4013 474 4086 guitur.
511 4013 641 4081 Sequitur
659 4033 685 4083 p.
704 4021 770 4080 272,
795 4030 867 4081 quae
886 4013 1008 4083 exceptis
1027 4014 1195 4080 quibusdam
1212 4014 1242 4067 in
1258 4014 1385 4081 margine
1402 4014 1517 4068 interiit.

456 4105 472 4152 8
489 4097 632 4152 Victoriae
651 4098 756 4152 scilieet
773 4097 922 4151 Parthicae
941 4099 1047 4151 fructus
1065 4097 1118 4151 fuit
1140 4099 1208 4179 fuga
1225 4097 1357 4165 Vologesi
1375 4098 1450 4150 ultra
1467 4099 1518 4149 Eu·

371 4183 500 4250 phratem
520 4184 549 4235 et
567 4181 687 4250 Tigrim,
715 4182 883 4236 observante
906 4181 1059 4236 Iamblicho
1085 4182 1161 4250 apud
1182 4181 1312 4235 Photium
1335 4182 1401 4234 Cod.
1420 4188 1453 4235 94
1471 4183 1515 4235 fin.

373 4271 465 4320 Maius.

457 4358 473 4405 9
489 4351 566 4404 Haec
585 4351 706 4418 quinque
724 4351 811 4404 verba
829 4353 980 4420 supersunt
997 4369 1012 4404 e
1030 4353 1110 4404 textu
1128 4351 1198 4419 ipso.
1285 4423 1288 4427 .

440 4442 472 4489 lo
491 4434 622 4503 Sequitur
640 4453 666 4502 p.
687 4441 745 4500 271,
764 4435 840 4488 cuius
858 4435 1029 4504 paucissima
1046 4435 1104 4504 legi
1121 4438 1246 4504 possunt.

442 4525 471 4571 11
492 4517 622 4585 Sequitur
641 4518 707 4572 eod.
726 4537 753 4586 p.
774 4525 832 4584 262,
852 4520 927 4572 cuius
947 4521 1097 4588 supersunt
1120 4520 1259 4586 quaedam
1277 4519 1472 4573 adnotationes
1490 4520 1518 4571 in

373 4604 507 4672 margine.
690 4661 702 4668 ,,

443 4695 473 4740 12
492 4688 535 4741 Ita
555 4686 656 4754 Codes,
676 4689 707 4741 ut
727 4688 883 4741 coniecerat
901 4687 1077 4742 Niebuhrius.
