4142 5659
399 682 402 686 ⁴
494 672 556 736 238
840 670 877 723 Μ.
897 670 1067 724 CORNELII
1083 669 1289 724 FRONTONIS

494 839 617 903 homini
641 841 779 922 credere,
803 841 957 903 miraculo
980 841 1179 924 addubitare,
1202 862 1317 905 navem
1333 844 1365 904 et
1380 844 1483 904 socios
1501 842 1639 925 navalia

496 943 572 1004 dum
598 943 780 1026 reciperent
790 942 810 1026 ¹,
846 943 995 1025 opperiri.
1042 941 1216 1026 Postquam
1249 943 1400 1026 cognovit
1432 948 1561 1027 portum
1591 945 1641 1008 in-

494 1045 614 1124 vectos,
638 1044 707 1107 sine
729 1044 870 1107 tumultu
893 1044 1016 1127 aocipi²
1039 1044 1142 1127 iubet3
1165 1045 1254 1108 voltu
1277 1046 1368 1128 comi,
1392 1045 1498 1109 verbis
1513 1046 1641 1110 lenibus

493 1148 712 1229 percontatur,
736 1146 969 1229 numquidnam
997 1168 1094 1229 super
1115 1146 1237 1209 Arione
1259 1146 1374 1209 Lesbio
1398 1149 1639 1227 oomperissent.

494 1245 546 1308 Illi
568 1247 664 1311 facile
686 1246 883 1328 respondent
905 1247 1038 1308 Tarenti
1063 1245 1212 1330 l³vidisse
1240 1246 1530 1310 fortunatissimum
1558 1269 1641 1311 mor-

493 1347 591 1410 talem
603 1398 612 1430 ‚
653 1347 791 1411 seeundo
825 1369 950 1410 rumore
989 1353 1097 1429 popzda'
1133 1346 1245 1410 florere
1278 1348 1444 1432 pretioque
1477 1370 1564 1430 esse,
1598 1357 1641 1413 οῖ-

494 1454 588 1512 thara
617 1451 759 1512 eantare.
803 1448 908 1523 Quare
936 1448 1056 1511 diutius
1079 1469 1185 1511 amore
1208 1451 1304 1531 atque
1326 1448 1416 1512 luero
1439 1452 1472 1512 et
1492 1449 1642 1513 laudibus

494 1550 636 1613 retineri.
682 1550 762 1615 Cum
795 1544 875 1613 haee
907 1552 955 1613 ita
988 1550 1147 1632 dicerent,
1185 1551 1287 1614 Arion
1319 1551 1444 1634 inrupit
1475 1601 1617 1615 .....
1629 1552 1641 1590 ⁴

495 1659 538 1715 aa
561 1663 593 1716 at
614 1660 645 1716 a'a
674 1659 774 1733 pappi
799 1655 948 1734 steterat,
980 1674 1052 1715 oum
1081 1655 1169 1715 veste
1198 1674 1275 1715 auro
1302 1653 1426 1716 intexta
1454 1657 1486 1715 et
1515 1653 1641 1716 eithara

494 1754 627 1838 insigni.
666 1753 847 1818 Praedones
870 1753 1002 1837 inopino
1023 1760 1089 1817 aisa
1111 1754 1243 1816 Arionis
1268 1754 1402 1836 territi⁵‚
1425 1756 1514 1817 tum⁶
1536 1777 1641 1838 neque

496 1856 665 1939 quiequam
697 1859 771 1939 post
802 1855 858 1918 illa
889 1876 1008 1938 negare
1039 1858 1096 1918 aut
1127 1876 1193 1918 non
1227 1856 1355 1919 eredere
1387 1859 1443 1919 aut
1476 1857 1641 1939 deprecari

497 1957 565 2018 ausi
593 1959 676 2019 sunt.
724 1956 876 2040 Delphini
905 1956 1031 2020 facinus
1059 1962 1102 2020 ad
1130 1960 1302 2020 Taenarum
1331 1957 1455 2039 visitur,
1488 1958 1641 2041 delphino

496 2058 639 2121 residens
674 2057 784 2141 homo,
823 2080 922 2141 parva
953 2059 1058 2142 figura
1093 2055 1200 2143 [atque
1230 2057 1277 2145 ut]
1313 2063 1503 2142 argumento
1535 2060 1641 2143 magis

497 2181 592 2242 quarn
614 2159 784 2223 simulacro
808 2160 993 2244 composita.
1097 2184 1100 2189 ·

830 2284 908 2357 Lepi
928 2284 1100 2343 Emendavi
1120 2286 1172 2357 qai
1191 2300 1299 2358 sapra.

908 2414 953 2477 M.
977 2412 1226 2477 FRONTONIS

1008 2531 1130 2584 ARION.

585 2725 597 2772 1
617 2720 661 2772 Ita
677 2734 728 2787 pro
747 2737 775 2771 se
794 2722 949 2786 reciperent.
984 2722 1079 2771 Maias

582 2809 598 2855 2
616 2803 722 2856 Malim:
743 2808 830 2856 acciri.
1491 2836 1493 2839 -

583 2887 717 2956 3Inoipit
736 2887 801 2940 Cod.
819 2905 846 2955 p.
868 2892 924 2952 165,
942 2886 1025 2940 hodie
1044 2889 1102 2940 fere
1121 2886 1246 2940 evanida.
1266 2884 1466 2955 Supplementa
1483 2889 1547 2940 sunt
1563 2887 1638 2941 Maii.

582 2978 599 3024 4
615 2972 724 3025 Desunt
741 2972 851 3025 litterae
871 2970 1071 3039 duodeviginti.
1174 3037 1176 3042 ,

583 3062 598 3109 5
615 3055 705 3109 Maius
724 3056 835 3109 dubitat
853 3056 945 3107 utrum
967 3056 1070 3124 legerit
1086 3062 1182 3109 terreri
1202 3073 1238 3109 an
1256 3062 1347 3109 territi.
1382 3056 1494 3109 Amicus
1512 3056 1640 3110 vocabuli

465 3198 467 3202 ⁸
499 3139 609 3193 ultimas
627 3140 735 3194 litteras
752 3157 809 3194 non
826 3140 918 3209 potuit
937 3140 1117 3209 distinguere,
1135 3141 1184 3193 sed
1196 3138 1344 3192 inCodieis
1352 3140 1472 3194 lectione
1490 3140 1641 3194 INOPINA

500 3267 636 3281 ......
658 3224 801 3279 ONSTER
820 3268 825 3278 .
847 3268 852 3278 .
874 3269 903 3279 ..
925 3224 970 3278 CU
984 3268 989 3277 .
1003 3223 1090 3291 NEQ,
1110 3222 1298 3289 QUICQUAOE
1320 3225 1409 3279 latere
1432 3224 1542 3279 videtur
1559 3229 1640 3292 inopi·

498 3310 562 3361 nato
580 3309 639 3362 visu
657 3310 826 3364 consternati.
851 3311 937 3364 Reate
950 3310 1143 3363 Berolinenses
1155 3310 1285 3363 viderunt
1296 3310 1402 3378 aliquid
1414 3311 1558 3364 turbatum
1571 3326 1639 3362 esse.

582 3394 697 3448 600d.:
716 3416 775 3448 catat.
