4142 5659
558 659 618 722 170
765 655 801 708 M.
815 655 985 710 CORNELII
1002 653 1210 708 FRONTONIS
1228 651 1483 707 EPISTULARUM

735 910 804 976 ix.
850 907 1048 994 (Ananim
1070 906 1322 991 rionugusa
1344 907 1509 990 riona.)

554 1116 560 1129 .
587 1115 593 1129 .
620 1115 626 1128 .
653 1115 659 1127 .
684 1064 871 1128 Amicorum
893 1084 1035 1127 meorum
1056 1063 1136 1126 fecit
1157 1062 1323 1142 modestia,
1347 1061 1465 1144 nequid
1487 1059 1624 1143 inprobe
1647 1082 1701 1142 pe-

552 1169 653 1230 terem
671 1152 698 1229 .'
704 1212 1344 1229 ....................
1355 1162 1377 1246 1¹
1409 1161 1537 1245 Equitis
1559 1160 1701 1225 Romani

551 1268 646 1331 unius
671 1267 909 1331 contubernalis
932 1266 993 1330 mei
1023 1264 1124 1330 Sextii
1148 1264 1332 1348 (11111111111112
1360 1263 1555 1347 dignitatem
1582 1265 1701 1346 rogatu

551 1392 622 1434 meo
645 1370 807 1433 exornasti
828 1369 951 1432 duabus
972 1369 1038 1430 iam
1060 1366 1339 1450 procurationibus
1361 1365 1455 1428 datis,
1488 1363 1538 1428 Ea
1560 1385 1622 1448 ego
1645 1365 1701 1427 du-

497 1453 499 1460 *
552 1493 642 1534 arum
670 1471 933 1554 procurationum
960 1469 1116 1533 beneficia
1139 1471 1252 1552 quater
1279 1489 1428 1548 numero,
1461 1467 1511 1529 bis
1545 1488 1619 1528 oum
1648 1466 1701 1529 de-

552 1571 625 1635 disti
652 1574 894 1656 procurationes
901 1622 910 1653 ,
939 1572 1080 1654 itemque
1108 1570 1157 1633 bis
1188 1592 1260 1633 cum
1287 1570 1508 1632 excusationes
1536 1568 1699 1651 recepisti.

637 1672 820 1757 supplicavi
836 1673 896 1736 tibi
911 1674 975 1736 iam
990 1694 1048 1755 per
1060 1672 1226 1735 biennium
1237 1692 1295 1754 pro
1311 1671 1483 1754 Appian0³
1498 1668 1601 1732 amico
1616 1690 1699 1752 me0,

552 1797 623 1838 oum
645 1797 708 1858 quo
730 1775 810 1837 mihi
833 1777 865 1837 01
886 1777 978 1838 vetus
1002 1773 1197 1837 consuetudo
1232 1776 1264 1835 01
1293 1772 1471 1836 studiorum
1499 1793 1576 1834 usus
1598 1792 1699 1854 prope

552 1876 757 1960 quotidianus
779 1875 962 1939 intercedit.
1008 1875 1092 1950 Quin
1119 1876 1225 1959 ipsum
1247 1895 1371 1958 quoque
1395 1876 1518 1937 certum
1539 1872 1645 1936 habeo
1668 1875 1701 1936 et

553 1978 721 2041 adfirmare
743 1977 846 2040 ausim
869 1977 979 2041 eadem
1000 1977 1157 2040 modestia
1179 1998 1321 2058 usurum,
1346 1998 1408 2059 qua
1431 1973 1625 2057 Calpurnius
1648 1973 1699 2038 Iu-

554 2079 660 2142 lianus
682 2099 772 2141 meus
794 2101 870 2141 usus
893 2081 956 2142 est:
994 2062 1164 2162 dignitatis
1191 2078 1278 2142 enim
1306 2081 1381 2140 sua'e
1403 2077 1438 2140 in
1461 2078 1628 2139 senectute
1651 2098 1705 2139 or-v

481 2246 483 2251 ,
550 2181 677 2244 nandae
701 2202 812 2263 eausa,
842 2202 909 2244 non
932 2181 1107 2244 ambitione
1131 2182 1186 2243 aut
1207 2180 1424 2262 procuratoris
1448 2178 1623 2262 1111101111114
1647 2201 1698 2242 ou-

539 2283 685 2366 .piditate
719 2284 810 2366 optat
842 2282 976 2366 adipisci
1010 2282 1097 2346 huno
1130 2281 1295 2346 honorem.
1341 2280 1441 2346 Oum⁵
1474 2281 1614 2363 primum
1641 2301 1699 2364 pro

550 2383 702 2467 Appiano
724 2384 834 2466 petivi,
858 2383 905 2447 ita
926 2383 1067 2468 benigne
1083 2384 1240 2448 admisisti
1262 2405 1372 2467 preces
1387 2404 1485 2465 meas,
1510 2384 1547 2445 ut
1568 2403 1698 2465 sperare

551 2485 726 2549 deberem³.

634 2585 783 2649 Proximo
816 2586 980 2669 superiore
1014 2608 1101 2650 anno
1135 2587 1260 2670 petenti
1287 2586 1367 2649 mihi
1400 2585 1560 2669 propitius
1595 2585 1698 2650 multa

483 2680 486 2682 ’
551 2687 763 2770 respondisti:
800 2687 879 2751 illud
905 2706 983 2752 'vero
1011 2688 1109 2751 etiam
1132 2689 1280 2770 comiter,
1308 2688 1454 2751 futurum
1476 2689 1513 2751 ut
1536 2708 1610 2750 cum
1632 2687 1697 2771 Ap-

494 2820 501 2833 .
550 2789 659 2872 pian0,
683 2810 733 2852 me
756 2792 902 2874 rogante,
926 2790 1185 2873 procurationem
1201 2790 1351 2872 dedisses,
1376 2789 1609 2852 causidicorum
1631 2812 1696 2853 sca-

553 2890 645 2953 tebra
667 2893 858 2959 exoraretur,
872 2891 957 2954 idem
979 2891 1188 2974 petentium⁶.
1220 2891 1397 2954 Meministi
1420 2890 1518 2954 etiam
1541 2913 1637 2974 quem
1659 2892 1696 2954 de

552 2991 688 3056 Graecia
710 2992 868 3076 propitius
892 2995 924 3055 01
945 2993 1053 3057 ridens
1075 2992 1301 3055 nominaveris.
1419 2994 1420 2997 ’

635 3092 697 3158 Sed
719 3094 822 3156 multa
844 3094 982 3158 distant:
1015 3091 1140 3181 1101101,
1165 3093 1297 3176 orbitas,
1323 3094 1374 3157 oui
1397 3093 1567 3156 leniendae
1590 3093 1695 3177 11010]-

551 3195 608 3259 ciis
623 3216 702 3278 opus
720 3197 779 3259 est.
807 3195 923 3259 Ausim
940 3195 1078 3280 17110010
1093 3195 1299 3259 honestatem
1314 3217 1437 3279 quoque
1453 3197 1486 3258 et
1500 3195 1695 3278 probitatem
1728 3200 1732 3210 '

635 3465 652 3502 a
669 3452 703 3501 In
720 3454 848 3516 marpine:
866 3449 910 3501 Ita
927 3447 1049 3517 benigne
1068 3480 1100 3488 —
1119 3449 1258 3502 deberem.
1307 3478 1310 3484 ·

635 3691 647 3737 1
667 3683 768 3753 Incipit
786 3683 852 3737 eod.
871 3702 898 3753 p.
918 3690 976 3739 329.

634 3769 711 3836 aad
733 3767 913 3838 Calpurnium
940 3770 982 3823 est
1007 3769 1051 3824 Pii
1072 3769 1238 3839 rescriptum
1263 3769 1319 3838 dig.
1338 3770 1398 3823 1XL.
1425 3776 1446 3822 1.
1470 3766 1493 3823 8.
1532 3770 1694 3840 Calpurnius

550 3854 665 3922 quidam
683 3853 842 3922 appellatur
860 3853 889 3906 in
907 3859 978 3923 epl
998 3854 1063 3908 libri
1080 3855 1106 3908 H
1124 3855 1161 3909 ad
1177 3855 1293 3908 Verum:
1312 3853 1380 3908 item
1397 3855 1427 3907 in
1444 3854 1595 3910 Faustinae
1614 3856 1692 3925 epist.

548 3937 597 3992 vit.
617 3937 692 3992 Cass.
713 3953 773 4006 cap.
794 3944 837 3990 10:
857 3937 976 4005 denique
993 3939 1022 3992 in
1042 3940 1099 3993 vita
1115 3939 1203 3992 Marci
1221 3957 1280 4008 cap.
1300 3945 1325 3993 8.
1361 3942 1456 3993 Maius.

633 4030 649 4077 3
666 4020 811 4091 Appianas
828 4020 857 4074 in
874 4025 976 4091 praei:
995 4025 1039 4078 τί(
1051 4026 1082 4078 δὲ
1095 4027 1136 4078 ὢν
1148 4029 1239 4078 ταῦτα
1252 4026 1421 4091 ευνέγραψα,
1441 4027 1543 4078 πολλοὶ
1557 4027 1607 4091 μὲν
1625 4027 1694 4080 truci

548 4111 593 4162 καὶ
617 4108 704 4161 αὐτὸ(
727 4107 890 4174 προέφηνα·
915 4109 1087 4177 (αφέετερον
1110 4111 1140 4162 δ’
1159 4110 1250 4163 εἰπεῖν
1274 4110 1429 4162 Ἀππιανὸε
1448 4110 1648 4177 Ἀλεξανδρεὺς
1666 4111 1693 4164 ἐ(

548 4194 584 4247 τὰ
607 4196 708 4259 πρῶτα
731 4195 811 4258 ἥκων
835 4192 866 4246 ἐν
888 4198 924 4260 τῇ
952 4193 1132 4261 1101111111καί
1154 4194 1240 4246 δίκαι(
1259 4194 1290 4247 ἐν
1308 4195 1402 4261 Ῥώμῃ
1422 4196 1627 4261 (υναγορεύεαε
1649 4196 1693 4250 ἐπὶ

548 4282 609 4331 τῶν
628 4277 777 4343 βαειλέων,
797 4277 875 4344 μέχρι
893 4294 926 4342 με
944 4283 1025 4344 (φῶν
1044 4279 1240 4345 ἐπιτροπεύειν
1259 4277 1387 4343 ἠξίωεαν.
1463 4265 1467 4271 ’

632 4366 649 4414 4
667 4359 772 4414 Codex:
790 4366 935 4429 stipendiis.
973 4360 1103 4415 Orellius:
1121 4367 1297 4430 procuratori
1311 4368 1442 4430 stipendii.

632 4451 648 4500 5
666 4445 732 4500 Cod.
751 4464 793 4515 pr.
813 4463 849 4498 m.
872 4437 957 4510 Quam.

633 4535 649 4582 6
667 4529 753 4583 Suum
771 4529 903 4584 causidici
922 4530 1043 4585 officium
1060 4531 1089 4585 et
1105 4531 1295 4599 procuratoris
1313 4531 1469 4601 augustalis
1485 4534 1625 4588 memorat
1638 4533 1691 4601 Ap

547 4613 647 4684 pianns
664 4613 727 4668 hist.
746 4615 890 4684 prohocm.
909 4615 954 4669 fin.
984 4619 1087 4672 'Maiam

633 4705 647 4754 7
666 4697 766 4770 Incipit
784 4699 851 4754 eod.
873 4717 900 4769 p.
920 4705 978 4754 340.
