4142 5659
514 662 574 723 124
723 659 760 710 Μ.
773 656 943 710 comum
960 655 1168 708 monens
1186 654 1442 708 uelamen

594 817 674 902 Quis
697 842 810 890 'eorum
837 827 983 889 oratione
1009 847 1068 887 sus
1095 825 1250 908 populum
1277 829 1335 886 aut
1361 829 1509 887 senatum
1537 824 1660 904 adfari,

510 931 582 1014 quis
603 929 754 1009 edietum,
777 928 849 1011 quis
863 925 1035 1010 epistulam
1048 927 1181 988 suismet
1196 926 1302 988 verbis
1317 946 1506 1008 componere
1526 925 1662 1008 potuit?

510 1030 609 1105 Quasi
623 1029 801 1113 phrenitis¹
813 1029 944 1091 morbus
957 1027 1075 1111 quibus
1088 1028 1265 1110 implicitus
1279 1030 1339 1106 est,
1353 1025 1458 1089 aliena
1469 1027 1661 1108 eloquentes

510 1132 757 1215 imperitabant:
784 1135 821 1192 ut
842 1130 942 1192 tibiae
964 1129 1034 1192 sine
1056 1151 1111 1192 ore
1132 1128 1239 1191 alieno
1259 1128 1387 1190 mutae²
1409 1133 1532 1192 erant².

594 1232 769 1316 Imperium
790 1236 899 1293 autem
920 1250 987 1293 non
1014 1231 1184 1313 potestatis
1205 1230 1429 1292 tantummodo
1449 1229 1659 1309 vocabulum,

510 1335 567 1398 sed
588 1334 686 1396 etiam
700 1332 856 1395 orationis
870 1332 952 1394 esth.
983 1330 1109 1414 Quippe
1125 1331 1172 1392 vis
1186 1331 1365 1413 imperandi
1383 1331 1523 1393 iubendo
1545 1333 1661 1392 vetan-

510 1437 613 1519 doque
635 1437 811 1497 exercetur.
840 1431 913 1494 Nisi
927 1432 1010 1494 bene
1031 1432 1120 1493 facta
1143 1432 1263 1511 laudet,
1287 1433 1350 1494 nisi
1371 1453 1541 1514 perperam
1563 1434 1661 1513 gesta

509 1535 741 1619 reprehendat,
764 1534 828 1596 nisi
849 1533 996 1596 hortetur
1017 1533 1059 1594 ad
1073 1533 1236 1613 virtutem,
1259 1533 1323 1595 nisi
1338 1556 1359 1595 s
1372 1533 1460 1594 vitiis
1482 1531 1660 1611 deterreat,

510 1659 628 1702 nemen
650 1658 743 1699 suum
765 1635 907 1707 deserat,
936 1640 968 1696 et
995 1635 1172 1716 imperator
1197 1634 1318 1696 frustra
1340 1632 1522 1716 appelletur
1545 1681 1553 1693 .
1581 1682 1588 1693 .
1615 1683 1622 1693 .
1651 1681 1659 1694 .

598 1839 634 1917 θ’
644 1842 774 1921 partum
796 1838 968 1899 suaderent
989 1836 1169 1918 imperium.
1201 1836 1296 1898 Pulsa
1316 1857 1427 1919 pugna
1449 1835 1585 1908 deferre
1598 1834 1661 1896 mi-

510 1940 605 2002 litare
626 1938 787 2020 flagitium
807 1937 1029 2000 testimonium
1054 1938 1255 2019 ..capitalit
1279 1983 1659 1999 ‚‚‚‚‚‚‚‚‚‚‚

514 2043 538 2084 4
561 2077 597 2101 ω
620 2046 748 2122 ppareui
770 2065 834 2101 non
858 2043 963 2101 darem
1200 2045 1306 2101 matris
1321 2063 1438 2100 summa
1453 2044 1516 2100 iam
1530 2062 1571 2118 po

617 2129 637 2186 d
723 2149 821 2187 emem
845 2175 851 2185 .
877 2176 884 2186 .
909 2175 916 2185 .
939 2138 970 2185 at
996 2129 1026 2184 al
1201 2138 1296 2186 testas
1305 2129 1459 2186 destinate
1475 2137 1536 2184 est:
1553 2136 1659 2203 opste-

616 2215 712 2272 latum
733 2224 791 2272 est.
1201 2215 1284 2270 tricis
1300 2233 1393 2270 manu
1408 2212 1572 2288 imperium

1201 2297 1410 2375 adipiscuntur
1438 2343 1444 2352 .
1469 2340 1659 2354 ........

587 2343 1042 2426 Plerisqneetiamindignus⁵
1160 2378 1660 2439 CAN-mumma&

616 2427 783 2510 iudignus⁶
798 2441 945 2509 paternus
960 2435 1042 2488 luens
1590 2427 1610 2456 ⁶

617 2519 773 2595 imperinm
789 2536 845 2592 per
858 2535 966 2573 manus
1203 2551 1225 2607 h

618 2602 742 2660 detulit:
761 2601 836 2658 haut
850 2617 937 2658 secur
951 2619 1043 2677 qnam
1243 2592 1659 2608 '''''''''''''''''

617 2686 710 2785 pilli-”³
725 2684 842 2782 ‚quibus
857 2686 961 2782 (mia.
977 2705 1070 2760 μηθ’
1204 2729 1295 2797 patus
1310 2736 1407 2776 rerum
1423 2719 1556 2773 Romana

618 2790 659 2828 ns
674 2789 810 2846 msignla
824 2767 863 2826 ab
879 2789 937 2825 ovo
952 2789 1014 2826 ram
1203 2825 1270 2861 mm

617 2855 712 2912 insita
725 2863 807 2924 sunt,
824 2855 935 2911 cristae
950 2863 981 2910 et
1001 2853 1069 2929 plu·
1293 2846 1552 2860 '''''''''''
1565 2846 1580 2919 ζ,
1598 2848 1604 2858 ’
1623 2847 1630 2858 ’
1649 2851 1657 2861 ’

617 2938 1036 3014 maeteantusetrigiliae.
1202 2936 1501 3015 pli.ce......j
1518 2982 1658 2997 ......

616 3024 737 3100 Regum
751 3024 855 3099 pueris
869 3023 901 3079 in
917 3031 1005 3079 utero
1204 3069 1362 3080 .......
1385 3024 1469 3099 prior
1484 3041 1574 3079 nemo
1598 3067 1605 3079 .
1623 3068 1630 3078 .
1650 3067 1658 3079 .

596 3255 614 3290 a
631 3241 665 3289 In
681 3242 809 3304 mque:
827 3234 927 3288 Tibiae
945 3234 1003 3287 sine
1021 3234 1113 3287 alieno
1131 3251 1179 3288 ore
1197 3239 1293 3289 mutae
1311 3237 1399 3289 eraut.

595 3320 615 3373 b
633 3325 668 3373 In
684 3326 812 3388 numine:
832 3320 989 3387 Imperator
1007 3318 1096 3372 sciens
1114 3335 1173 3373 eme
1190 3319 1275 3374 debet
1292 3320 1458 3373 litterarum.
1495 3323 1550 3371 Pro
1566 3319 1659 3387 Impe-

513 3408 592 3459 rator
609 3411 703 3457 amicus
719 3409 797 3457 sidit:
816 3444 928 3455 .....
948 3405 1119 3470 aterequea.
1138 3448 1144 3456 .
1161 3410 1248 3470 sorte.-
1264 3387 1419 3474 imperatur
1431 3419 1519 3471 seque
1537 3420 1570 3456 ac
1584 3447 1590 3455 .
1606 3447 1632 3456 ..
1649 3447 1655 3456 .

597 3506 612 3541 e
630 3492 664 3540 ln
681 3494 809 3553 marytre:
834 3485 944 3538 Veteris
970 3486 1147 3552 eloquentiae
1173 3489 1297 3542 colorem
1314 3488 1513 3541 adumbratum
1529 3486 1658 3540 ostendit

510 3573 565 3626 hac
581 3572 648 3625 Lan
665 3614 672 3623 .
692 3614 698 3622 .

598 3765 611 3810 l
630 3757 698 3810 Cori
716 3774 758 3824 pr.
777 3773 813 3807 m.
830 3759 945 3821 ptretis:
962 3772 1017 3808 see.
1037 3774 1073 3808 m.
1091 3763 1231 3826 plnesetis.

597 3848 613 3894 2
631 3841 817 3893 Buttrnannus
834 3839 930 3892 scribit
947 3847 1014 3893 mi.
1612 3897 1618 3906 ,

597 3932 613 3979 3
630 3925 731 3994 Incipit
754 3923 821 3977 eod.
844 3923 971 3977 Ambros.
994 3943 1023 3994 p.
1042 3932 1106 3992 411,
1134 3943 1219 3993 quam
1241 3926 1358 3980 exhibeo
1380 3926 1435 3978 fide
1458 3925 1533 3979 Maii.
1573 3924 1658 3989 Quod

512 4009 871 4077 viditestinmargine:
901 4009 1006 4062 amicus
1032 4010 1103 4063 nihil
1129 4011 1254 4064 distinxit.
1278 4014 1405 4080 praeter:
1433 4007 1656 4064 ...amu

512 4135 519 4148 .
539 4138 545 4146 .
566 4093 719 4147 CAPITAL
738 4136 957 4146 .........
977 4100 1068 4147 irarum
1080 4106 1127 4148 est.
1156 4094 1287 4163 Sequitur
1304 4095 1361 4149 alia
1379 4095 1519 4149 sententia
1534 4095 1563 4146 in
1581 4111 1658 4147 mar-

512 4179 579 4247 gine
602 4178 713 4232 mediae
730 4179 865 4246 paginae,
887 4178 917 4230 in
939 4195 995 4246 qua
1011 4179 1081 4232 haec
1099 4182 1210 4232 tantum
1226 4183 1386 4249 supersunt:
1415 4221 1582 4232 .......
1601 4200 1658 4230 aem

515 4269 1014 4330 ...t..eo.mp...appellatos.

597 4346 732 4416 4Ineipit
749 4347 816 4400 eod.
834 4347 962 4400 Ambros.
980 4365 1009 4416 p.
1027 4353 1091 4411 420,
1109 4348 1316 4411 obscurissima,
1334 4348 1370 4401 de
1388 4364 1444 4415 qun
1461 4363 1545 4414 quam
1562 4345 1659 4413 putuit

513 4431 719 4485 accuratissime
736 4431 832 4485 retulit
850 4431 962 4484 amicus.
994 4430 1119 4484 Primum
1130 4432 1205 4486 dabo
1224 4433 1299 4500 quod
1315 4433 1346 4484 in
1363 4433 1424 4501 ipso
1435 4433 1515 4484 textu
1526 4432 1657 4498 apparet,

513 4508 770 4571 servata'versumn
788 4515 989 4569 distniutione.

598 4600 821 4668 5Pros‘ndifflus.

598 4683 755 4737 sarasan.
