4142 5659
793 632 975 725 rainonis
992 668 1196 724 nrsvoamn.
1503 675 1565 739 207

421 839 608 903 omittendis
641 841 676 904 in
703 840 836 904 velitum
874 843 969 924 atque
1000 841 1199 905 funditorum
1233 842 1363 905 modum
1395 842 1563 906 seminudi.

420 940 555 1005 Praeter
577 941 793 1006 huiuscemodi
822 943 975 1007 dedecora
1004 943 1095 1006 malis
1117 943 1246 1026 proeliis
1271 944 1317 1007 ita
1338 945 1476 1027 perculsi
1498 945 1565 1008 fue-

420 1046 508 1126 runt,
533 1046 570 1105 ut
589 1043 629 1105 ad
657 1043 797 1125 primum
824 1043 1018 1107 Parthorum
1047 1046 1253 1127 conspectum
1273 1046 1368 1129 terga
1390 1047 1563 1128 verterent,
1616 1039 1618 1043 ’

419 1144 515 1207 tubas
538 1145 629 1228 quasi
650 1145 749 1229 fugae
772 1145 902 1228 signum
925 1146 1072 1209 canentis
1100 1145 1277 1209 audirent&
1323 1146 1462 1209 Tantam
1483 1147 1565 1210 mili-

419 1246 501 1309 taris
524 1246 713 1329 disciplinae
736 1246 841 1310 labem
864 1247 1014 1329 coercuit,
1038 1247 1196 1310 industria
1218 1270 1276 1310 sua
1299 1248 1339 1310 ad
1360 1248 1565 1312 militandum

421 1347 567 1430 exemplo
594 1337 802 1431 proposital¹
844 1347 971 1411 Primus
1004 1348 1073 1430 ipse
1101 1349 1136 1411 in
1164 1348 1293 1432 agmine
1321 1348 1406 1412 haud
1438 1351 1564 1433 saepius

421 1470 500 1531 equo
523 1449 597 1512 vehi
624 1471 720 1532 quam
747 1449 882 1532 pedibus
909 1450 1035 1514 fatisci:
1065 1451 1133 1512 tam
1161 1448 1259 1512 solem
1287 1450 1442 1513 torridum
1468 1451 1564 1515 facile

420 1571 517 1632 quam
539 1550 622 1614 diem
652 1572 799 1614 serenum
825 1550 925 1614 ferre:
954 1551 1118 1633 pulverem
1147 1551 1326 1614 confertum
1353 1573 1411 1634 pro
1439 1552 1564 1619 nebulis

419 1652 503 1733 pati:
527 1651 674 1728 sudorem
696 1652 730 1715 in
754 1652 861 1734 armis,
885 1655 922 1715 ut
943 1653 977 1714 in
993 1651 1134 1733 ludicris,
1158 1653 1290 1734 insuper
1310 1652 1444 1716 habere:
1469 1657 1565 1737 caput

420 1753 586 1834 apertum²
610 1753 668 1815 soli
692 1755 725 1816 et
751 1753 906 1815 imbribus
929 1755 961 1816 et
983 1742 1135 1836 grandini
1159 1756 1191 1815 et
1213 1753 1340 1817 nivibus
1365 1776 1468 1837 neque
1496 1776 1563 1822 cor-

414 1853 497 1934 pus3
526 1854 676 1917 adversus
699 1853 764 1916 tela
791 1854 950 1916 munitum
978 1855 1146 1937 praebere:
1183 1855 1366 1937 spectandis
1394 1856 1429 1918 in
1452 1878 1565 1939 campo
1628 1840 1632 1848 ⁴

419 1954 574 2018 militibus
601 1977 732 2038 operam
760 1955 845 2035 dare,
876 1959 909 2018 et
937 1977 1052 2038 aegros
1079 1955 1283 2019 intervisere:
1312 1978 1377 2019 non
1404 1956 1564 2020 incuriose

419 2078 476 2137 per
497 2056 636 2120 militum
667 2056 877 2120 contubernia
898 2057 1054 2137 transire3
1083 2057 1138 2119 sed
1160 2056 1244 2120 forte
1271 2060 1390 2120 temere
1413 2055 1564 2140 Syrorum

418 2158 594 2222 munditias
609 2158 838 2240 introspicere⁴
861 2157 1103 2221 Pannoniorum
1118 2158 1280 2221 inscitias:
1304 2159 1341 2220 de
1358 2157 1446 2221 cultu
1462 2159 1564 2222 cuius-

419 2281 478 2342 que
507 2261 675 2343 ingenium
703 2260 886 2323 arbitrarib.
933 2257 1009 2322 Sero
1038 2260 1107 2341 ipso
1134 2261 1208 2340 post
1230 2260 1336 2322 decisa
1362 2260 1493 2342 negotia
1519 2259 1563 2320 la-

418 2361 520 2424 vari⁵z
550 2383 662 2424 mensa
691 2362 812 2443 sobria,
848 2361 933 2423 victu
966 2362 1001 2423 in
1030 2360 1143 2422 castris
1176 2360 1316 2442 plebeio:
1351 2359 1461 2422 vinum
1489 2361 1562 2443 loci,

420 2485 534 2546 aquam
567 2464 720 2545 temporis
752 2463 899 2525 bibere02
942 2462 1079 2545 primam
1113 2461 1257 2546 vigiliam
1289 2461 1384 2524 facile
1418 2462 1562 2546 vigilare,

418 2568 614 2646 postremum
636 2564 822 2628 iamdudum
845 2563 1030 2646 expergitus
1046 2563 1199 2645 opeririss:
1222 2563 1330 2625 labore
1348 2563 1452 2646 magis
1468 2585 1564 2646 quam
1593 2569 1609 2592 ³

419 2666 483 2728 otio
505 2665 637 2729 laetari:
667 2666 732 2728 otio
755 2666 796 2727 ad
817 2665 959 2747 laborem
982 2664 1108 2727 abund:
1139 2687 1238 2728 vacua
1266 2664 1458 2728 militaribus
1485 2668 1564 2728 tem-

419 2788 495 2848 pora
519 2767 665 2830 civilibus
693 2766 833 2850 negotiis
860 2788 1026 2849 occupare.
1078 2766 1118 2828 ln
1145 2766 1300 2848 paenuria
1327 2765 1433 2828 subita
1467 2765 1563 2828 ramis

419 2889 659 2951 nonnumquam
681 2869 714 2930 et
735 2866 903 2930 frondibus
919 2889 977 2950 pro
993 2866 1190 2950 supellectile
1212 2888 1288 2929 usus
1306 2869 1363 2947 est,
1389 2867 1563 2949 caespitem

418 2969 579 3033 interdum
594 2972 631 3031 ut
644 2972 752 3032 torum
774 2968 941 3031 incubans.
985 2967 1138 3032 Somnum
1162 2967 1247 3049 oepit
1268 2966 1376 3028 labore
1399 2970 1560 3049 paratum,

418 3091 482 3134 non
516 3069 645 3134 silentio
679 3070 887 3153 quaesitum&
927 3069 1082 3132 Graviora
1116 3066 1266 3154 [delmum
1293 3089 1440 3150 perverse
1473 3067 1562 3131 facta
1604 3075 1606 3078 ’

419 3193 524 3235 severe
548 3171 785 3252 animadvertit,
809 3170 928 3234 leviora
943 3171 1048 3234 sciens
1070 3169 1296 3231 dissimulavit:
1327 3168 1430 3231 locum
1452 3170 1561 3251 paeni-

418 3273 506 3336 tendi
540 3273 679 3355 reliquit.
731 3272 815 3335 Nam
832 3272 857 3357 l⁷
874 3272 990 3335 delicta
1025 3294 1081 3334 sua
1096 3319 1100 3323 -
1114 3271 1271 3352 plerique,
1312 3269 1386 3331 dum
1418 3270 1559 3353 ignorari
1647 3353 1656 3365 ,

503 3477 520 3512 a
537 3463 571 3511 In
588 3465 714 3528 margine:
734 3459 828 3512 Tubas
848 3458 1028 3510 -canentes
1048 3460 1095 3522 (ito
1113 3458 1180 3522 cod.)
1200 3455 1335 3508 audirent.

502 3545 520 3596 b
539 3548 573 3596 In
591 3549 715 3612 margine:
734 3542 775 3596 De
794 3543 868 3595 cultu
886 3571 919 3580 -
937 3540 1075 3594 arbitrari.

503 3645 517 3681 c
535 3632 568 3681 In
586 3634 711 3695 mrrrpine:
730 3627 832 3679 Vinum
846 3658 878 3665 -
896 3626 1001 3679 bibere.

502 3712 520 3764 d
539 3717 571 3765 In
589 3718 714 3780 margine:
733 3712 842 3765 Labore
860 3740 893 3748 —
911 3709 997 3763 abuti.

503 3814 517 3850 e
536 3801 570 3850 In
587 3802 712 3864 nzarpiae:
732 3795 864 3848 Somnum
882 3795 978 3848 labore
997 3800 1128 3862 paratum
1148 3824 1178 3832 —
1198 3792 1363 3861 quaesitum.

503 3956 516 4002 1
535 3949 636 4018 Incipit
654 3947 720 4002 eod.
739 3966 766 4016 p.
786 3955 843 4002 257.

501 4040 516 4086 2
535 4034 718 4101 Praeceptum
741 4031 914 4084 Platonicum
937 4031 988 4085 hoo
1012 4032 1067 4095 est,
1094 4030 1261 4084 observante
1279 4030 1439 4097 Hieronym.
1460 4046 1558 4085 comm,

417 4118 444 4170 in
462 4117 561 4171 Matth.
586 4118 605 4170 Ι.
633 4124 672 4172 10.
693 4123 731 4169 10.
770 4120 863 4171 dianes.
894 4115 1079 4182 Hieronymus
1101 4114 1130 4166 in
1148 4117 1241 4167 mente
1260 4113 1358 4166 habuit
1376 4113 1446 4166 Plat.
1471 4115 1574 4182 Legg„

416 4201 474 4254 XII.
495 4207 544 4255 94⁴2
562 4201 595 4253 D.

501 4293 516 4340 3
534 4285 667 4338 Excidere
687 4284 807 4354 quinque
826 4284 943 4338 litterae.

500 4377 517 4424 4
534 4369 648 4438 Aliquid
665 4369 710 4422 hic
727 4369 756 4422 in
775 4368 875 4423 Codice
893 4369 1036 4422 turbatum
1056 4385 1115 4422 esse
1134 4368 1260 4436 apparet.
1285 4364 1348 4418 Non
1366 4364 1467 4418 sufficit
1484 4367 1559 4433 quod

416 4455 505 4509 Maius
523 4455 690 4524 interposuit
707 4467 741 4512 et.
764 4453 940 4508 Heindorfius
957 4469 1008 4521 pro
1020 4459 1090 4519 forte
1102 4463 1196 4505 temere
1213 4450 1346 4523 proponit
1361 4470 1445 4518 prope
1457 4446 1558 4505 intueri.

502 4548 517 4593 5
536 4539 602 4593 Cod.
621 4538 769 4593 videbatur
786 4526 897 4592 habere
910 4544 977 4591 lauat
995 4548 1027 4591 ct.

500 4624 576 4676 alta
595 4622 694 4676 Codex.

501 4714 514 4763 7
534 4706 664 4775 Sequitur
683 4706 748 4759 Cod.
767 4724 794 4774 p.
815 4711 872 4772 256,
889 4705 918 4758 in
937 4721 991 4772 qua
1008 4721 1099 4773 pauca
1116 4702 1248 4773 distingui
1265 4706 1389 4773 possunt.
